2400 3980
322 79 367 126 nn
391 79 543 128 carrona
565 53 819 132 bracarorum.
1029 69 1070 130 19

26 241 173 349 MJQS
189 224 301 342 iffi),
327 185 555 312 quod'scireut,
575 226 656 296 satis
672 251 742 295 esse
766 232 974 316 eloquentur
993 191 1070 298 §itud

69 346 171 404 verres,
201 347 324 414 neque
356 349 541 416 quenquam
569 333 601 396 io
626 353 666 397 eo
692 333 845 398 disertum
868 336 939 400 'esse
964 353 1070 418 possa,

65 432 144 512 quod
160 433 312 508 nesciat,
334 453 450 518 neque,
475 435 501 498 ai
515 434 547 498 id
562 435 684 519 optimc
705 435 797 512 sciat,
822 436 1013 522 ignarusque
1028 437 1068 501 sit

63 531 219 596 iaciendoe
236 557 284 599 ac
303 536 461 619 potiendo
483 537 644 614 cretionis,
658 537 775 614 diserte
788 539 821 602 id
836 539 940 621 ipsum
962 557 1071 622 poree,

61 631 97 696 de
112 655 178 718 quo
194 637 302 713 sciat,
317 638 435 704 dicere.

31 765 33 772 >
96 735 167 802 XV.
206 739 456 817 Quamobrem,
485 741 510 804 si
539 740 608 826 quis
632 741 811 807 universam
837 751 871 806 et
900 740 1065 825 proprioru

59 839 189 904 oratoris
205 841 279 904 viru
309 841 440 906 definire
465 844 701 929 complectique
728 845 803 921 vult,
828 845 854 908 is
870 855 979 908 orator
997 843 1069 919 crit,

59 939 123 1001 meri
140 943 325 1019 sententie,
351 945 414 1008 boc
428 955 495 1008 tam
511 946 599 1028 gravi
614 947 729 1030 diguus
744 947 885 1022 nomine,
900 945 966 1030 qui,
978 965 1065 1030 quur·

58 1059 183 1125 cunque
200 1065 258 1108 res
276 1045 433 1122 inciderit,
458 1065 530 1130 quae
543 1048 584 1110 sit
609 1049 749 1112 dictione
765 1048 966 1133 explicando,
992 1067 1063 1130 pru·

57 1140 177 1220 denter,
190 1158 227 1210 et
244 1147 437 1230 composite,
449 1161 481 1212 et
493 1149 615 1226 orecte,
629 1160 663 1213 et
679 1151 860 1214 memoriter
874 1149 973 1225 dicut,
987 1169 1066 1231 cum

58 1245 196 1324 quidum
226 1249 333 1312 etiarn
358 1251 491 1313 actionis
517 1251 682 1335 dignitate.
728 1251 785 1314 Sin
812 1253 953 1334 cuipiam
968 1252 1066 1316 nimis

59 1344 215 1412 infinitum
232 1353 373 1426 videtur,
395 1353 481 1436 quod
498 1353 543 1415 ita
558 1355 658 1436 posui,
673 1355 856 1436 quicunque
870 1353 910 1442 de
925 1375 971 1430 re,
986 1353 1062 1417 licet

15 1447 22 1458 '⁴
58 1445 138 1524 irinc,
161 1453 460 1538 quantumcuique
475 1454 641 1529 videbitur,
655 1455 866 1517 circumcidat
881 1464 979 1537 utque
995 1472 1061 1516 cm·

59 1562 164 1627 putet:
189 1564 309 1618 tamen
322 1555 394 1618 illud
412 1556 539 1632 tenebo,
550 1555 586 1638 si,
601 1574 677 1640 quse.
689 1555 811 1620 caeteris
826 1555 856 1618 in
873 1554 993 1620 ortibus
1004 1566 1060 1622 aut

58 1653 165 1718 studiis
192 1657 260 1721 site
282 1667 366 1732 sunt,
388 1669 495 1722 orator
508 1659 646 1742 ignoret,
668 1660 858 1742 tentumque
873 1679 914 1722 ea
939 1669 1060 1734 teneat,

59 1773 129 1834 quae
142 1759 210 1824 sint
237 1762 272 1824 iu
287 1760 584 1843 disceptationibus,
610 1775 707 1846 atque
722 1762 753 1824 in
780 1781 837 1824 usu
853 1759 989 1836 forensi3
1012 1771 1061 1824 te·

60 1861 194 1948 incubis
208 1865 255 1926 de
271 1863 365 1926 rebus
380 1864 454 1946 ipsis
468 1865 493 1926 si
509 1863 548 1926 sit
567 1865 596 1927 ei
611 1864 794 1939 dicendum,
809 1866 882 1928 crim
899 1883 1060 1948 cognove-

59 1958 94 2020 tit
109 1963 152 2024 eb
168 1965 207 2028 iis
224 1966 282 2050 qui
297 1976 420 2040 tenent,
442 1985 514 2049 qum
528 1966 636 2028 sintin
652 1965 779 2050 quoique
795 1985 841 2041 re,
864 1964 966 2030 murro
986 1985 1062 2052 *cru-

61 2071 159 2128 torem
175 2070 305 2142 melius,
330 2070 427 2152 quem
442 2066 526 2150 ipsos
539 2066 620 2144 ilios,
644 2089 780 2152 quorum
801 2087 852 2132 eoe
874 2053 1061 2158 suqt'a'r'tes,

58 2182 125 2229 erse
147 2170 324 2234 dicturum.
369 2171 419 2233 Ita
434 2171 458 2233 si
474 2171 515 2234 de
530 2191 564 2233 rc
577 2171 699 2232 militari
716 2170 891 2232 dicendum
909 2166 1057 2232 huic‘er'rt

59 2263 214 2351 Sulpicio,
230 2281 354 2358 qureret
376 2271 448 2336 aC.
465 2269 570 2334 Mario
586 2268 673 2334 affini
688 2281 807 2346 nostro,
833 2281 877 2344 et,
901 2271 976 2332 crim
1004 2289 1057 2332 ac·
1140 2261 1142 2265 ’

58 2375 190 2451 deperit,
206 2363 253 2440 it‘e
270 2374 495 2458 pronuntiabit,
520 2384 553 2437 ut
568 2373 626 2456 ipsi
642 2373 679 2438 C.
696 2373 800 2438 Mario
816 2393 908 2456 paeue
923 2373 976 2438 hic
991 2393 1058 2438 me·

59 2465 124 2548 iiio,
135 2479 237 2560 quum
251 2478 332 2560 ipso,
342 2477 394 2540 illa
409 2477 666 2540 seire'vidaaturr
688 2477 735 2540 siu
750 2479 791 2542 de
801 2478 872 2561 jure
887 2477 988 2555 civili,
1010 2488 1056 2542 ter

57 2591 128 2638 uum
144 2579 415 2656 communicabit,
426 2591 525 2663 teque
537 2579 701 2642 homiuem
715 2581 1006 2663 prudentissimum,
1020 2591 1054 2644 et

16 2715 18 2732 ,
56 2679 284 2759 ,peritissimum
300 2683 330 2744 in
346 2681 382 2744 iis
393 2681 467 2764 ipsis
482 2682 586 2758 rebus,
606 2702 685 2766 quas
708 2683 766 2746 ubs
781 2695 813 2746 te
829 2682 984 2756 didicerit,
1009 2682 1056 2746 di·

16 2755 23 2769 ,
54 2760 449 2870 benffl·'ai're¹⁴stq‘'e‘r‘abit':
472 2785 521 2847 sin
536 2805 609 2868 quoe
629 2805 678 2848 res
693 2784 848 2860 inciderit,
869 2785 900 2846 in
926 2783 989 2866 qud
1012 2785 1056 2848 de

61 2882 186 2964 nature,
209 2887 252 2951 de
268 2871 347 2950 vitiis
363 2887 537 2963 bominum,
563 2887 606 2950 de
621 2885 866 2968 cupiditatibus,
887 2885 929 2950 de
945 2887 1055 2966 muodo,

60 2979 381 3065 decernerentque
396 2987 517 3064 dolore,
531 2988 573 3052 de
588 2998 691 3052 morte
706 2988 881 3052 dicendum
902 2987 955 3064 sit,
967 2987 1054 3054 sorsi-

62 3093 125 3164 tan,
140 3092 167 3154 si
182 3093 212 3156 ei
226 3092 267 3155 sit
279 3092 388 3167 visum,
403 3091 476 3169 (etsi
487 3091 557 3154 haec
567 3089 695 3174 quidem
708 3087 803 3154 obsce
812 3090 911 3156 debet
919 3095 1055 3174 oraton}

61 3205 133 3254 uum
150 3193 227 3260 Sex.
243 3193 411 3276 Pompeio,
424 3193 549 3258 erudito
558 3191 688 3256 homine
698 3192 731 3255 io
744 3192 1054 3275 pbilosophibffiom·

64 3295 249 3362 municdrit:
270 3297 332 3360 boc
347 3295 491 3379 protecto
505 3293 637 3371 efficiet,
649 3305 684 3358 ut
696 3311 926 3380 quemcunque
948 3315 1054 3380 remu

63 3411 190 3482 quoquc
203 3397 360 3482 cogubr'u,
383 3398 425 3462 de
440 3393 481 3460 ed
497 3397 600 3462 mutto
614 3397 702 3462 dicet
717 3397 868 3473 onustius,
887 3398 984 3480 quem
1000 3397 1054 3462 iile

65 3491 140 3580 ipse,
153 3503 240 3568 unde
254 3497 409 3584 cognorit..
443 3497 560 3564 Sedu
578 3519 633 3566 rue
648 3497 795 3576 erudierit,
816 3497 970 3584 quoniam
985 3498 1053 3584 pbi-
