<?xml version="1.0" encoding="UTF-8"?>
<!DOCTYPE html PUBLIC "-//W3C//DTD XHTML 1.0 Transitional//EN"
    "http://www.w3.org/TR/xhtml1/DTD/xhtml1-transitional.dtd">
<html xmlns="http://www.w3.org/1999/xhtml" xml:lang="en" lang="en">
 <head>
  <title>
</title>
<meta http-equiv="Content-Type" content="text/html;charset=utf-8" />
  <meta name='ocr-system' content='tesseract 3.04.00' />
  <meta name='ocr-capabilities' content='ocr_page ocr_carea ocr_par ocr_line ocrx_word'/>
</head>
<body>
  <div class='ocr_page' id='page_1' title='image "./mtuliiciceronis01cicegoog/mtuliiciceronis01cicegoog_0240.png"; bbox 0 0 2458 3972; ppageno 0'>
   <div class='ocr_carea' id='block_1_1' title="bbox 349 147 1075 214">
    <p class='ocr_par' dir='ltr' id='par_1_1' title="bbox 349 147 1075 214">
     <span class='ocr_line' id='line_1_1' title="bbox 349 147 1075 214; baseline -0.003 -2"><span class='ocrx_word' id='word_1_1' title='bbox 349 163 393 212; x_wconf 79' lang='lat' dir='ltr'><strong>rr</strong></span> <span class='ocrx_word' id='word_1_2' title='bbox 409 161 557 212; x_wconf 74' lang='lat' dir='ltr'><strong>carrona</strong></span> <span class='ocrx_word' id='word_1_3' title='bbox 573 163 668 210; x_wconf 80' lang='lat' dir='ltr'><strong>aram</strong></span> <span class='ocrx_word' id='word_1_4' title='bbox 683 155 832 214; x_wconf 81' lang='lat' dir='ltr'><strong>rrarrut.</strong></span> <span class='ocrx_word' id='word_1_5' title='bbox 1014 147 1075 210; x_wconf 74' lang='lat' dir='ltr'><strong>m</strong></span> 
     </span>
    </p>
   </div>
   <div class='ocr_carea' id='block_1_2' title="bbox 11 309 1203 3736">
    <p class='ocr_par' dir='ltr' id='par_1_2' title="bbox 105 309 1077 1440">
     <span class='ocr_line' id='line_1_2' title="bbox 107 309 1076 400; baseline 0 -20"><span class='ocrx_word' id='word_1_6' title='bbox 107 309 174 382; x_wconf 80' lang='lat' dir='ltr'><strong>iuti</strong></span> <span class='ocrx_word' id='word_1_7' title='bbox 188 311 329 381; x_wconf 81' lang='lat' dir='ltr'><strong>cretione</strong></span> <span class='ocrx_word' id='word_1_8' title='bbox 344 313 582 400; x_wconf 77' lang='lat' dir='ltr'>propemodum,</span> <span class='ocrx_word' id='word_1_9' title='bbox 606 313 666 380; x_wconf 87' lang='lat' dir='ltr'><strong>irco</strong></span> <span class='ocrx_word' id='word_1_10' title='bbox 681 323 739 393; x_wconf 85' lang='lat' dir='ltr'><strong>eet,</strong></span> <span class='ocrx_word' id='word_1_11' title='bbox 753 331 899 381; x_wconf 86' lang='lat' dir='ltr'><strong>numeror</strong></span> <span class='ocrx_word' id='word_1_12' title='bbox 913 311 1076 399; x_wconf 78' lang='lat' dir='ltr'><strong>quondam,</strong></span> 
     </span>
     <span class='ocr_line' id='line_1_3' title="bbox 108 417 1077 506; baseline -0.002 -22"><span class='ocrx_word' id='word_1_13' title='bbox 108 417 201 484; x_wconf 75' lang='lat' dir='ltr'><strong>noun</strong></span> <span class='ocrx_word' id='word_1_14' title='bbox 236 439 303 484; x_wconf 87' lang='lat' dir='ltr'><strong>erae</strong></span> <span class='ocrx_word' id='word_1_15' title='bbox 338 417 533 484; x_wconf 85' lang='lat' dir='ltr'><strong>adhibendoe</strong></span> <span class='ocrx_word' id='word_1_16' title='bbox 568 429 763 506; x_wconf 87' lang='lat' dir='ltr'><strong>putaverunt.</strong></span> <span class='ocrx_word' id='word_1_17' title='bbox 817 417 1077 504; x_wconf 85' lang='lat' dir='ltr'><strong>intarrpirationio</strong></span> 
     </span>
     <span class='ocr_line' id='line_1_4' title="bbox 106 516 1077 609; baseline 0.001 -21"><span class='ocrx_word' id='word_1_18' title='bbox 106 522 204 600; x_wconf 90' lang='lat' dir='ltr'><strong>enim,</strong></span> <span class='ocrx_word' id='word_1_19' title='bbox 228 541 290 588; x_wconf 92' lang='lat' dir='ltr'><strong>non</strong></span> <span class='ocrx_word' id='word_1_20' title='bbox 306 516 538 609; x_wconf 64' lang='lat' dir='ltr'><strong>defatigationis</strong></span> <span class='ocrx_word' id='word_1_21' title='bbox 553 535 677 599; x_wconf 75' lang='lat' dir='ltr'><strong>nostrae,</strong></span> <span class='ocrx_word' id='word_1_22' title='bbox 701 541 802 606; x_wconf 90' lang='lat' dir='ltr'><strong>neque</strong></span> <span class='ocrx_word' id='word_1_23' title='bbox 816 521 1008 588; x_wconf 69' lang='lat' dir='ltr'><strong>librariorum</strong></span> <span class='ocrx_word' id='word_1_24' title='bbox 1023 543 1077 589; x_wconf 85' lang='lat' dir='ltr'><strong>nc·</strong></span> 
     </span>
     <span class='ocr_line' id='line_1_5' title="bbox 107 623 1076 712; baseline 0 -20"><span class='ocrx_word' id='word_1_25' title='bbox 107 625 158 704; x_wconf 88' lang='lat' dir='ltr'><strong>tir,</strong></span> <span class='ocrx_word' id='word_1_26' title='bbox 179 625 234 694; x_wconf 85' lang='lat' dir='ltr'><strong>red</strong></span> <span class='ocrx_word' id='word_1_27' title='bbox 250 625 411 692; x_wconf 84' lang='lat' dir='ltr'><strong>verborum</strong></span> <span class='ocrx_word' id='word_1_28' title='bbox 428 635 460 694; x_wconf 88' lang='lat' dir='ltr'><strong>et</strong></span> <span class='ocrx_word' id='word_1_29' title='bbox 484 623 706 694; x_wconf 74' lang='lat' dir='ltr'><strong>contentionum</strong></span> <span class='ocrx_word' id='word_1_30' title='bbox 733 626 838 704; x_wconf 88' lang='lat' dir='ltr'><strong>modo,</strong></span> <span class='ocrx_word' id='word_1_31' title='bbox 862 625 1076 712; x_wconf 73' lang='lat' dir='ltr'><strong>interpuncta·</strong></span> 
     </span>
     <span class='ocr_line' id='line_1_6' title="bbox 107 728 1074 816; baseline 0 -20"><span class='ocrx_word' id='word_1_32' title='bbox 107 728 263 796; x_wconf 87' lang='lat' dir='ltr'><strong>ciauauiae</strong></span> <span class='ocrx_word' id='word_1_33' title='bbox 273 729 312 796; x_wconf 93' lang='lat' dir='ltr'><strong>in</strong></span> <span class='ocrx_word' id='word_1_34' title='bbox 328 729 517 798; x_wconf 89' lang='lat' dir='ltr'><strong>orationibur</strong></span> <span class='ocrx_word' id='word_1_35' title='bbox 531 751 599 798; x_wconf 86' lang='lat' dir='ltr'><strong>erre</strong></span> <span class='ocrx_word' id='word_1_36' title='bbox 614 731 792 798; x_wconf 82' lang='lat' dir='ltr'><strong>roiueruotr</strong></span> <span class='ocrx_word' id='word_1_37' title='bbox 814 729 907 814; x_wconf 86' lang='lat' dir='ltr'><strong>idque</strong></span> <span class='ocrx_word' id='word_1_38' title='bbox 928 729 1074 816; x_wconf 83' lang='lat' dir='ltr'><strong>princepe</strong></span> 
     </span>
     <span class='ocr_line' id='line_1_7' title="bbox 107 831 1072 917; baseline 0.002 -19"><span class='ocrx_word' id='word_1_39' title='bbox 107 832 262 900; x_wconf 84' lang='lat' dir='ltr'><strong>Irocretar</strong></span> <span class='ocrx_word' id='word_1_40' title='bbox 287 831 450 901; x_wconf 84' lang='lat' dir='ltr'><strong>inrtituiare</strong></span> <span class='ocrx_word' id='word_1_41' title='bbox 465 831 578 914; x_wconf 75' lang='lat' dir='ltr'><strong>ferturr</strong></span> <span class='ocrx_word' id='word_1_42' title='bbox 599 847 632 900; x_wconf 88' lang='lat' dir='ltr'><strong>ut</strong></span> <span class='ocrx_word' id='word_1_43' title='bbox 657 833 848 900; x_wconf 78' lang='lat' dir='ltr'><strong>inconditam</strong></span> <span class='ocrx_word' id='word_1_44' title='bbox 875 831 1072 917; x_wconf 72' lang='lat' dir='ltr'><strong>antiquorum</strong></span> 
     </span>
     <span class='ocr_line' id='line_1_8' title="bbox 106 937 1075 1022; baseline 0.001 -20"><span class='ocrx_word' id='word_1_45' title='bbox 106 937 231 1004; x_wconf 88' lang='lat' dir='ltr'><strong>dicendi</strong></span> <span class='ocrx_word' id='word_1_46' title='bbox 244 939 509 1017; x_wconf 73' lang='lat' dir='ltr'><strong>consuetudinem,</strong></span> <span class='ocrx_word' id='word_1_47' title='bbox 518 937 733 1005; x_wconf 73' lang='lat' dir='ltr'><strong>delectationis</strong></span> <span class='ocrx_word' id='word_1_48' title='bbox 749 951 842 1022; x_wconf 86' lang='lat' dir='ltr'><strong>utque</strong></span> <span class='ocrx_word' id='word_1_49' title='bbox 852 939 969 1004; x_wconf 89' lang='lat' dir='ltr'><strong>aurium</strong></span> <span class='ocrx_word' id='word_1_50' title='bbox 980 937 1075 1005; x_wconf 83' lang='lat' dir='ltr'><strong>cauad</strong></span> 
     </span>
     <span class='ocr_line' id='line_1_9' title="bbox 107 1041 1076 1130; baseline 0.002 -24"><span class='ocrx_word' id='word_1_51' title='bbox 107 1041 389 1126; x_wconf 83' lang='lat' dir='ltr'><strong>(quemadmodum</strong></span> <span class='ocrx_word' id='word_1_52' title='bbox 413 1041 519 1108; x_wconf 84' lang='lat' dir='ltr'><strong>ecribit</strong></span> <span class='ocrx_word' id='word_1_53' title='bbox 544 1041 710 1127; x_wconf 74' lang='lat' dir='ltr'><strong>discipulus</strong></span> <span class='ocrx_word' id='word_1_54' title='bbox 725 1045 789 1129; x_wconf 84' lang='lat' dir='ltr'><strong>ojur</strong></span> <span class='ocrx_word' id='word_1_55' title='bbox 805 1041 994 1130; x_wconf 80' lang='lat' dir='ltr'><strong>Naucraten)</strong></span> <span class='ocrx_word' id='word_1_56' title='bbox 1021 1063 1076 1108; x_wconf 90' lang='lat' dir='ltr'><strong>nu·</strong></span> 
     </span>
     <span class='ocr_line' id='line_1_10' title="bbox 106 1139 1075 1233; baseline 0.002 -21"><span class='ocrx_word' id='word_1_57' title='bbox 106 1145 200 1212; x_wconf 81' lang='lat' dir='ltr'><strong>mario</strong></span> <span class='ocrx_word' id='word_1_58' title='bbox 215 1146 428 1233; x_wconf 78' lang='lat' dir='ltr'><strong>adotringeret.</strong></span> <span class='ocrx_word' id='word_1_59' title='bbox 472 1139 618 1232; x_wconf 85' lang='lat' dir='ltr'><strong>Namque</strong></span> <span class='ocrx_word' id='word_1_60' title='bbox 633 1148 701 1212; x_wconf 78' lang='lat' dir='ltr'><strong>hec</strong></span> <span class='ocrx_word' id='word_1_61' title='bbox 716 1147 908 1226; x_wconf 85' lang='lat' dir='ltr'><strong>duomurici,</strong></span> <span class='ocrx_word' id='word_1_62' title='bbox 922 1147 1075 1232; x_wconf 88' lang='lat' dir='ltr'><strong>quierant</strong></span> 
     </span>
     <span class='ocr_line' id='line_1_11' title="bbox 105 1249 1075 1338; baseline 0.001 -22"><span class='ocrx_word' id='word_1_63' title='bbox 105 1249 267 1336; x_wconf 82' lang='lat' dir='ltr'><strong>quondum</strong></span> <span class='ocrx_word' id='word_1_64' title='bbox 282 1250 374 1317; x_wconf 90' lang='lat' dir='ltr'><strong>iidem</strong></span> <span class='ocrx_word' id='word_1_65' title='bbox 390 1254 501 1338; x_wconf 75' lang='lat' dir='ltr'><strong>poitur,</strong></span> <span class='ocrx_word' id='word_1_66' title='bbox 527 1249 696 1317; x_wconf 87' lang='lat' dir='ltr'><strong>machinati</strong></span> <span class='ocrx_word' id='word_1_67' title='bbox 720 1250 759 1316; x_wconf 90' lang='lat' dir='ltr'><strong>ad</strong></span> <span class='ocrx_word' id='word_1_68' title='bbox 774 1249 965 1335; x_wconf 82' lang='lat' dir='ltr'><strong>uoluptatem</strong></span> <span class='ocrx_word' id='word_1_69' title='bbox 992 1264 1075 1331; x_wconf 84' lang='lat' dir='ltr'><strong>runt,</strong></span> 
     </span>
     <span class='ocr_line' id='line_1_12' title="bbox 105 1353 1074 1440; baseline 0 -22"><span class='ocrx_word' id='word_1_70' title='bbox 105 1374 228 1422; x_wconf 80' lang='lat' dir='ltr'><strong>veroum</strong></span> <span class='ocrx_word' id='word_1_71' title='bbox 241 1364 335 1440; x_wconf 87' lang='lat' dir='ltr'><strong>atque</strong></span> <span class='ocrx_word' id='word_1_72' title='bbox 350 1365 489 1434; x_wconf 88' lang='lat' dir='ltr'><strong>centum,</strong></span> <span class='ocrx_word' id='word_1_73' title='bbox 500 1364 534 1420; x_wconf 90' lang='lat' dir='ltr'><strong>ut</strong></span> <span class='ocrx_word' id='word_1_74' title='bbox 545 1353 747 1420; x_wconf 84' lang='lat' dir='ltr'><strong>atrerborurn</strong></span> <span class='ocrx_word' id='word_1_75' title='bbox 764 1373 903 1432; x_wconf 86' lang='lat' dir='ltr'><strong>numero,</strong></span> <span class='ocrx_word' id='word_1_76' title='bbox 918 1365 950 1420; x_wconf 87' lang='lat' dir='ltr'><strong>et</strong></span> <span class='ocrx_word' id='word_1_77' title='bbox 962 1373 1074 1420; x_wconf 83' lang='lat' dir='ltr'><strong>vocum</strong></span> 
     </span>
    </p>

    <p class='ocr_par' dir='ltr' id='par_1_3' title="bbox 11 1455 1075 3105">
     <span class='ocr_line' id='line_1_13' title="bbox 11 1455 1074 1546; baseline 0 -23"><span class='ocrx_word' id='word_1_78' title='bbox 11 1509 13 1516; x_wconf 93' lang='lat'><em>.</em></span> <span class='ocrx_word' id='word_1_79' title='bbox 105 1457 212 1536; x_wconf 92' lang='lat' dir='ltr'><strong>modo,</strong></span> <span class='ocrx_word' id='word_1_80' title='bbox 225 1457 464 1546; x_wconf 85' lang='lat' dir='ltr'><strong>[delectatione]</strong></span> <span class='ocrx_word' id='word_1_81' title='bbox 475 1457 760 1538; x_wconf 83' lang='lat' dir='ltr'><strong>uincerenteurium</strong></span> <span class='ocrx_word' id='word_1_82' title='bbox 771 1457 958 1524; x_wconf 79' lang='lat' dir='ltr'><strong>totietatem.</strong></span> <span class='ocrx_word' id='word_1_83' title='bbox 993 1455 1074 1524; x_wconf 83' lang='lat' dir='ltr'><strong>Hunc</strong></span> 
     </span>
     <span class='ocr_line' id='line_1_14' title="bbox 104 1561 1075 1647; baseline 0 -21"><span class='ocrx_word' id='word_1_84' title='bbox 104 1561 1075 1647; x_wconf 78' lang='lat' dir='ltr'><strong>igiturduo,(vocirdicomoderutionam,etverborumconciu-</strong></span> 
     </span>
     <span class='ocr_line' id='line_1_15' title="bbox 104 1664 1073 1753; baseline 0 -21"><span class='ocrx_word' id='word_1_85' title='bbox 104 1664 250 1753; x_wconf 75' lang='lat' dir='ltr'><strong>aionem)</strong></span> <span class='ocrx_word' id='word_1_86' title='bbox 260 1665 518 1750; x_wconf 88' lang='lat' dir='ltr'><strong>qucudorationir</strong></span> <span class='ocrx_word' id='word_1_87' title='bbox 527 1665 673 1733; x_wconf 84' lang='lat' dir='ltr'><strong>reveritor</strong></span> <span class='ocrx_word' id='word_1_88' title='bbox 684 1665 748 1752; x_wconf 86' lang='lat' dir='ltr'><strong>pati</strong></span> <span class='ocrx_word' id='word_1_89' title='bbox 759 1667 889 1752; x_wconf 69' lang='lat' dir='ltr'><strong>porrina</strong></span> <span class='ocrx_word' id='word_1_90' title='bbox 902 1665 1024 1753; x_wconf 73' lang='lat' dir='ltr'><strong>poiticd</strong></span> <span class='ocrx_word' id='word_1_91' title='bbox 1033 1665 1073 1732; x_wconf 90' lang='lat' dir='ltr'><strong>ad</strong></span> 
     </span>
     <span class='ocr_line' id='line_1_16' title="bbox 104 1769 1073 1854; baseline 0 -18"><span class='ocrx_word' id='word_1_92' title='bbox 104 1770 316 1854; x_wconf 82' lang='lat' dir='ltr'><strong>eloquentium</strong></span> <span class='ocrx_word' id='word_1_93' title='bbox 331 1771 525 1838; x_wconf 76' lang='lat' dir='ltr'><strong>traducenda</strong></span> <span class='ocrx_word' id='word_1_94' title='bbox 540 1771 702 1838; x_wconf 86' lang='lat' dir='ltr'><strong>duxerunt.</strong></span> <span class='ocrx_word' id='word_1_95' title='bbox 747 1771 781 1836; x_wconf 92' lang='lat' dir='ltr'><strong>in</strong></span> <span class='ocrx_word' id='word_1_96' title='bbox 797 1790 860 1854; x_wconf 88' lang='lat' dir='ltr'><strong>quo</strong></span> <span class='ocrx_word' id='word_1_97' title='bbox 875 1769 947 1836; x_wconf 87' lang='lat' dir='ltr'><strong>iilud</strong></span> <span class='ocrx_word' id='word_1_98' title='bbox 964 1781 1010 1838; x_wconf 84' lang='lat' dir='ltr'><strong>eat</strong></span> <span class='ocrx_word' id='word_1_99' title='bbox 1025 1769 1073 1837; x_wconf 85' lang='lat' dir='ltr'><strong>vei</strong></span> 
     </span>
     <span class='ocr_line' id='line_1_17' title="bbox 104 1873 1075 1963; baseline 0.001 -23"><span class='ocrx_word' id='word_1_100' title='bbox 104 1875 285 1954; x_wconf 83' lang='lat' dir='ltr'><strong>marimum,</strong></span> <span class='ocrx_word' id='word_1_101' title='bbox 310 1875 392 1958; x_wconf 81' lang='lat' dir='ltr'><strong>qudd</strong></span> <span class='ocrx_word' id='word_1_102' title='bbox 409 1897 513 1941; x_wconf 78' lang='lat' dir='ltr'><strong>versuo</strong></span> <span class='ocrx_word' id='word_1_103' title='bbox 528 1875 558 1941; x_wconf 89' lang='lat' dir='ltr'><strong>in</strong></span> <span class='ocrx_word' id='word_1_104' title='bbox 585 1875 726 1943; x_wconf 88' lang='lat' dir='ltr'><strong>oratione</strong></span> <span class='ocrx_word' id='word_1_105' title='bbox 740 1873 765 1941; x_wconf 86' lang='lat' dir='ltr'><strong>ai</strong></span> <span class='ocrx_word' id='word_1_106' title='bbox 780 1874 914 1942; x_wconf 87' lang='lat' dir='ltr'><strong>efficitur</strong></span> <span class='ocrx_word' id='word_1_107' title='bbox 927 1875 1075 1963; x_wconf 89' lang='lat' dir='ltr'><strong>conjunc·</strong></span> 
     </span>
     <span class='ocr_line' id='line_1_18' title="bbox 104 1977 1074 2065; baseline -0.001 -20"><span class='ocrx_word' id='word_1_108' title='bbox 104 1979 190 2047; x_wconf 92' lang='lat' dir='ltr'><strong>tione</strong></span> <span class='ocrx_word' id='word_1_109' title='bbox 207 1979 379 2057; x_wconf 87' lang='lat' dir='ltr'><strong>verborum,</strong></span> <span class='ocrx_word' id='word_1_110' title='bbox 402 1978 507 2045; x_wconf 84' lang='lat' dir='ltr'><strong>uitium</strong></span> <span class='ocrx_word' id='word_1_111' title='bbox 522 1991 589 2057; x_wconf 67' lang='lat' dir='ltr'><strong>eutr</strong></span> <span class='ocrx_word' id='word_1_112' title='bbox 609 1990 642 2045; x_wconf 89' lang='lat' dir='ltr'><strong>et</strong></span> <span class='ocrx_word' id='word_1_113' title='bbox 665 1991 770 2046; x_wconf 86' lang='lat' dir='ltr'><strong>tomen</strong></span> <span class='ocrx_word' id='word_1_114' title='bbox 797 1998 868 2044; x_wconf 88' lang='lat' dir='ltr'><strong>eam</strong></span> <span class='ocrx_word' id='word_1_115' title='bbox 883 1977 1074 2065; x_wconf 86' lang='lat' dir='ltr'><strong>conjunctio·</strong></span> 
     </span>
     <span class='ocr_line' id='line_1_19' title="bbox 104 2081 1074 2166; baseline -0.002 -16"><span class='ocrx_word' id='word_1_116' title='bbox 104 2103 189 2161; x_wconf 86' lang='lat' dir='ltr'><strong>nem,</strong></span> <span class='ocrx_word' id='word_1_117' title='bbox 213 2081 303 2149; x_wconf 87' lang='lat' dir='ltr'><strong>ricuti</strong></span> <span class='ocrx_word' id='word_1_118' title='bbox 319 2101 450 2161; x_wconf 76' lang='lat' dir='ltr'><strong>veroum,</strong></span> <span class='ocrx_word' id='word_1_119' title='bbox 475 2085 637 2148; x_wconf 72' lang='lat' dir='ltr'><strong>numerosi</strong></span> <span class='ocrx_word' id='word_1_120' title='bbox 653 2083 778 2160; x_wconf 86' lang='lat' dir='ltr'><strong>cariore,</strong></span> <span class='ocrx_word' id='word_1_121' title='bbox 804 2092 835 2148; x_wconf 88' lang='lat' dir='ltr'><strong>at</strong></span> <span class='ocrx_word' id='word_1_122' title='bbox 850 2083 1015 2166; x_wconf 88' lang='lat' dir='ltr'><strong>quadrare,</strong></span> <span class='ocrx_word' id='word_1_123' title='bbox 1041 2091 1074 2148; x_wconf 88' lang='lat' dir='ltr'><strong>et</strong></span> 
     </span>
     <span class='ocr_line' id='line_1_20' title="bbox 105 2185 1073 2274; baseline -0.003 -19"><span class='ocrx_word' id='word_1_124' title='bbox 105 2186 212 2274; x_wconf 83' lang='lat' dir='ltr'><strong>perfici</strong></span> <span class='ocrx_word' id='word_1_125' title='bbox 227 2186 385 2252; x_wconf 85' lang='lat' dir='ltr'><strong>voiumur:</strong></span> <span class='ocrx_word' id='word_1_126' title='bbox 408 2207 509 2271; x_wconf 88' lang='lat' dir='ltr'><strong>neque</strong></span> <span class='ocrx_word' id='word_1_127' title='bbox 528 2197 576 2252; x_wconf 83' lang='lat' dir='ltr'><strong>eet</strong></span> <span class='ocrx_word' id='word_1_128' title='bbox 590 2207 627 2252; x_wconf 86' lang='lat' dir='ltr'><strong>cr</strong></span> <span class='ocrx_word' id='word_1_129' title='bbox 644 2185 746 2252; x_wconf 89' lang='lat' dir='ltr'><strong>muitir</strong></span> <span class='ocrx_word' id='word_1_130' title='bbox 762 2207 809 2252; x_wconf 89' lang='lat' dir='ltr'><strong>rer</strong></span> <span class='ocrx_word' id='word_1_131' title='bbox 824 2205 897 2264; x_wconf 90' lang='lat' dir='ltr'><strong>una,</strong></span> <span class='ocrx_word' id='word_1_132' title='bbox 923 2205 994 2272; x_wconf 77' lang='lat' dir='ltr'><strong>que</strong></span> <span class='ocrx_word' id='word_1_133' title='bbox 1009 2205 1073 2252; x_wconf 90' lang='lat' dir='ltr'><strong>ma·</strong></span> 
     </span>
     <span class='ocr_line' id='line_1_21' title="bbox 103 2287 1073 2378; baseline 0.001 -24"><span class='ocrx_word' id='word_1_134' title='bbox 103 2293 154 2378; x_wconf 78' lang='lat' dir='ltr'><strong>gir</strong></span> <span class='ocrx_word' id='word_1_135' title='bbox 169 2300 323 2358; x_wconf 86' lang='lat' dir='ltr'><strong>oraturam</strong></span> <span class='ocrx_word' id='word_1_136' title='bbox 341 2289 380 2355; x_wconf 84' lang='lat' dir='ltr'><strong>ab</strong></span> <span class='ocrx_word' id='word_1_137' title='bbox 396 2289 539 2375; x_wconf 90' lang='lat' dir='ltr'><strong>imperito</strong></span> <span class='ocrx_word' id='word_1_138' title='bbox 554 2289 689 2368; x_wconf 88' lang='lat' dir='ltr'><strong>dicendi,</strong></span> <span class='ocrx_word' id='word_1_139' title='bbox 704 2287 876 2376; x_wconf 83' lang='lat' dir='ltr'><strong>ignaroque</strong></span> <span class='ocrx_word' id='word_1_140' title='bbox 891 2288 1073 2377; x_wconf 77' lang='lat' dir='ltr'><strong>distingunt,</strong></span> 
     </span>
     <span class='ocr_line' id='line_1_22' title="bbox 103 2392 1073 2482; baseline -0.003 -20"><span class='ocrx_word' id='word_1_141' title='bbox 103 2397 197 2482; x_wconf 75' lang='lat' dir='ltr'><strong>quem</strong></span> <span class='ocrx_word' id='word_1_142' title='bbox 212 2393 295 2479; x_wconf 82' lang='lat' dir='ltr'><strong>qudd</strong></span> <span class='ocrx_word' id='word_1_143' title='bbox 312 2392 361 2460; x_wconf 89' lang='lat' dir='ltr'><strong>iiie</strong></span> <span class='ocrx_word' id='word_1_144' title='bbox 376 2393 459 2460; x_wconf 88' lang='lat' dir='ltr'><strong>rudia</strong></span> <span class='ocrx_word' id='word_1_145' title='bbox 474 2393 632 2460; x_wconf 79' lang='lat' dir='ltr'><strong>incondita</strong></span> <span class='ocrx_word' id='word_1_146' title='bbox 656 2393 766 2472; x_wconf 82' lang='lat' dir='ltr'><strong>fundit,</strong></span> <span class='ocrx_word' id='word_1_147' title='bbox 791 2405 941 2478; x_wconf 89' lang='lat' dir='ltr'><strong>quontum</strong></span> <span class='ocrx_word' id='word_1_148' title='bbox 959 2403 1073 2481; x_wconf 81' lang='lat' dir='ltr'><strong>puteat,</strong></span> 
     </span>
     <span class='ocr_line' id='line_1_23' title="bbox 104 2497 1074 2586; baseline 0 -20"><span class='ocrx_word' id='word_1_149' title='bbox 104 2511 136 2567; x_wconf 90' lang='lat' dir='ltr'><strong>ct</strong></span> <span class='ocrx_word' id='word_1_150' title='bbox 158 2500 200 2578; x_wconf 89' lang='lat' dir='ltr'><strong>id,</strong></span> <span class='ocrx_word' id='word_1_151' title='bbox 215 2499 298 2586; x_wconf 91' lang='lat' dir='ltr'><strong>quod</strong></span> <span class='ocrx_word' id='word_1_152' title='bbox 314 2497 399 2576; x_wconf 93' lang='lat' dir='ltr'><strong>dicit,</strong></span> <span class='ocrx_word' id='word_1_153' title='bbox 424 2497 541 2584; x_wconf 74' lang='lat' dir='ltr'><strong>spiritu,</strong></span> <span class='ocrx_word' id='word_1_154' title='bbox 557 2518 621 2565; x_wconf 89' lang='lat' dir='ltr'><strong>non</strong></span> <span class='ocrx_word' id='word_1_155' title='bbox 638 2509 714 2578; x_wconf 88' lang='lat' dir='ltr'><strong>arte,</strong></span> <span class='ocrx_word' id='word_1_156' title='bbox 739 2497 946 2578; x_wconf 67' lang='lat' dir='ltr'><strong>determinat,</strong></span> <span class='ocrx_word' id='word_1_157' title='bbox 968 2508 1074 2566; x_wconf 90' lang='lat' dir='ltr'><strong>orator</strong></span> 
     </span>
     <span class='ocr_line' id='line_1_24' title="bbox 104 2601 1074 2690; baseline -0.002 -18"><span class='ocrx_word' id='word_1_158' title='bbox 104 2615 211 2672; x_wconf 81' lang='lat' dir='ltr'><strong>nutem</strong></span> <span class='ocrx_word' id='word_1_159' title='bbox 222 2603 266 2670; x_wconf 84' lang='lat' dir='ltr'><strong>ric</strong></span> <span class='ocrx_word' id='word_1_160' title='bbox 281 2601 377 2688; x_wconf 77' lang='lat' dir='ltr'><strong>illigat</strong></span> <span class='ocrx_word' id='word_1_161' title='bbox 390 2601 576 2668; x_wconf 78' lang='lat' dir='ltr'><strong>coutentium</strong></span> <span class='ocrx_word' id='word_1_162' title='bbox 591 2601 701 2682; x_wconf 86' lang='lat' dir='ltr'><strong>rerbir,</strong></span> <span class='ocrx_word' id='word_1_163' title='bbox 724 2614 757 2669; x_wconf 91' lang='lat' dir='ltr'><strong>ut</strong></span> <span class='ocrx_word' id='word_1_164' title='bbox 768 2623 839 2669; x_wconf 88' lang='lat' dir='ltr'><strong>earn</strong></span> <span class='ocrx_word' id='word_1_165' title='bbox 854 2623 983 2671; x_wconf 92' lang='lat' dir='ltr'><strong>numero</strong></span> <span class='ocrx_word' id='word_1_166' title='bbox 998 2625 1074 2690; x_wconf 92' lang='lat' dir='ltr'><strong>quo·</strong></span> 
     </span>
     <span class='ocr_line' id='line_1_25' title="bbox 103 2705 1071 2792; baseline -0.001 -18"><span class='ocrx_word' id='word_1_167' title='bbox 103 2709 178 2775; x_wconf 87' lang='lat' dir='ltr'><strong>dam</strong></span> <span class='ocrx_word' id='word_1_168' title='bbox 194 2705 431 2792; x_wconf 74' lang='lat' dir='ltr'><strong>complectatur,</strong></span> <span class='ocrx_word' id='word_1_169' title='bbox 456 2717 488 2774; x_wconf 89' lang='lat' dir='ltr'><strong>ct</strong></span> <span class='ocrx_word' id='word_1_170' title='bbox 510 2706 659 2773; x_wconf 74' lang='lat' dir='ltr'><strong>adstricto</strong></span> <span class='ocrx_word' id='word_1_171' title='bbox 681 2717 713 2772; x_wconf 86' lang='lat' dir='ltr'><strong>et</strong></span> <span class='ocrx_word' id='word_1_172' title='bbox 728 2707 838 2773; x_wconf 83' lang='lat' dir='ltr'><strong>rotato.</strong></span> <span class='ocrx_word' id='word_1_173' title='bbox 882 2707 977 2786; x_wconf 87' lang='lat' dir='ltr'><strong>Nam,</strong></span> <span class='ocrx_word' id='word_1_174' title='bbox 999 2711 1071 2774; x_wconf 80' lang='lat' dir='ltr'><strong>cum</strong></span> 
     </span>
     <span class='ocr_line' id='line_1_26' title="bbox 102 2809 1072 2889; baseline -0.003 -10"><span class='ocrx_word' id='word_1_175' title='bbox 102 2811 199 2879; x_wconf 83' lang='lat' dir='ltr'><strong>vinxit</strong></span> <span class='ocrx_word' id='word_1_176' title='bbox 213 2811 313 2877; x_wconf 83' lang='lat' dir='ltr'><strong>medie</strong></span> <span class='ocrx_word' id='word_1_177' title='bbox 325 2821 356 2877; x_wconf 90' lang='lat' dir='ltr'><strong>et</strong></span> <span class='ocrx_word' id='word_1_178' title='bbox 367 2810 476 2889; x_wconf 84' lang='lat' dir='ltr'><strong>iormd,</strong></span> <span class='ocrx_word' id='word_1_179' title='bbox 491 2809 610 2876; x_wconf 84' lang='lat' dir='ltr'><strong>relaxat</strong></span> <span class='ocrx_word' id='word_1_180' title='bbox 624 2821 656 2876; x_wconf 89' lang='lat' dir='ltr'><strong>et</strong></span> <span class='ocrx_word' id='word_1_181' title='bbox 670 2809 780 2876; x_wconf 87' lang='lat' dir='ltr'><strong>liberat</strong></span> <span class='ocrx_word' id='word_1_182' title='bbox 795 2809 1010 2878; x_wconf 87' lang='lat' dir='ltr'><strong>immutatione</strong></span> <span class='ocrx_word' id='word_1_183' title='bbox 1026 2830 1072 2876; x_wconf 90' lang='lat' dir='ltr'><strong>or·</strong></span> 
     </span>
     <span class='ocr_line' id='line_1_27' title="bbox 102 2913 1071 3001; baseline -0.003 -17"><span class='ocrx_word' id='word_1_184' title='bbox 102 2915 194 2996; x_wconf 78' lang='lat' dir='ltr'><strong>diuis,</strong></span> <span class='ocrx_word' id='word_1_185' title='bbox 208 2927 241 2982; x_wconf 93' lang='lat' dir='ltr'><strong>ut</strong></span> <span class='ocrx_word' id='word_1_186' title='bbox 253 2915 347 2982; x_wconf 85' lang='lat' dir='ltr'><strong>rerba</strong></span> <span class='ocrx_word' id='word_1_187' title='bbox 362 2935 464 2999; x_wconf 88' lang='lat' dir='ltr'><strong>neque</strong></span> <span class='ocrx_word' id='word_1_188' title='bbox 477 2913 603 2999; x_wconf 82' lang='lat' dir='ltr'><strong>aiiigntu</strong></span> <span class='ocrx_word' id='word_1_189' title='bbox 615 2913 675 2978; x_wconf 88' lang='lat' dir='ltr'><strong>aint</strong></span> <span class='ocrx_word' id='word_1_190' title='bbox 686 2913 773 2998; x_wconf 87' lang='lat' dir='ltr'><strong>quari</strong></span> <span class='ocrx_word' id='word_1_191' title='bbox 789 2913 874 2980; x_wconf 83' lang='lat' dir='ltr'><strong>certd</strong></span> <span class='ocrx_word' id='word_1_192' title='bbox 889 2913 991 3000; x_wconf 83' lang='lat' dir='ltr'><strong>aliqud</strong></span> <span class='ocrx_word' id='word_1_193' title='bbox 1001 2914 1071 3001; x_wconf 78' lang='lat' dir='ltr'><strong>iege</strong></span> 
     </span>
     <span class='ocr_line' id='line_1_28' title="bbox 101 3017 727 3105; baseline -0.006 -17"><span class='ocrx_word' id='word_1_194' title='bbox 101 3019 217 3098; x_wconf 78' lang='lat' dir='ltr'><strong>veredo,</strong></span> <span class='ocrx_word' id='word_1_195' title='bbox 232 3039 333 3105; x_wconf 88' lang='lat' dir='ltr'><strong>nequa</strong></span> <span class='ocrx_word' id='word_1_196' title='bbox 345 3019 385 3086; x_wconf 88' lang='lat' dir='ltr'><strong>ita</strong></span> <span class='ocrx_word' id='word_1_197' title='bbox 399 3017 511 3094; x_wconf 83' lang='lat' dir='ltr'><strong>uoluta,</strong></span> <span class='ocrx_word' id='word_1_198' title='bbox 522 3029 556 3082; x_wconf 91' lang='lat' dir='ltr'><strong>ut</strong></span> <span class='ocrx_word' id='word_1_199' title='bbox 568 3029 727 3104; x_wconf 82' lang='lat' dir='ltr'><strong>vagentur.</strong></span> 
     </span>
    </p>

    <p class='ocr_par' dir='ltr' id='par_1_4' title="bbox 100 3121 1203 3736">
     <span class='ocr_line' id='line_1_29' title="bbox 146 3121 1072 3209; baseline 0 -19"><span class='ocrx_word' id='word_1_200' title='bbox 146 3123 244 3190; x_wconf 81' lang='lat' dir='ltr'>XLV.</span> <span class='ocrx_word' id='word_1_201' title='bbox 267 3123 419 3196; x_wconf 80' lang='lat' dir='ltr'><strong>Quonam</strong></span> <span class='ocrx_word' id='word_1_202' title='bbox 444 3121 536 3209; x_wconf 78' lang='lat' dir='ltr'><strong>igitur</strong></span> <span class='ocrx_word' id='word_1_203' title='bbox 561 3122 791 3188; x_wconf 84' lang='lat' dir='ltr'><strong>modotantum</strong></span> <span class='ocrx_word' id='word_1_204' title='bbox 818 3141 929 3190; x_wconf 89' lang='lat' dir='ltr'><strong>munur</strong></span> <span class='ocrx_word' id='word_1_205' title='bbox 955 3123 1072 3190; x_wconf 85' lang='lat' dir='ltr'><strong>inrirta·</strong></span> 
     </span>
     <span class='ocr_line' id='line_1_30' title="bbox 102 3226 1072 3306; baseline 0.001 -11"><span class='ocrx_word' id='word_1_206' title='bbox 102 3247 183 3306; x_wconf 87' lang='lat' dir='ltr'><strong>mur,</strong></span> <span class='ocrx_word' id='word_1_207' title='bbox 198 3239 231 3294; x_wconf 91' lang='lat' dir='ltr'><strong>ut</strong></span> <span class='ocrx_word' id='word_1_208' title='bbox 243 3227 425 3294; x_wconf 76' lang='lat' dir='ltr'><strong>arbitremur</strong></span> <span class='ocrx_word' id='word_1_209' title='bbox 440 3247 497 3294; x_wconf 86' lang='lat' dir='ltr'><strong>nor</strong></span> <span class='ocrx_word' id='word_1_210' title='bbox 512 3226 594 3293; x_wconf 90' lang='lat' dir='ltr'><strong>hanc</strong></span> <span class='ocrx_word' id='word_1_211' title='bbox 606 3227 665 3291; x_wconf 84' lang='lat' dir='ltr'><strong>vim</strong></span> <span class='ocrx_word' id='word_1_212' title='bbox 681 3230 843 3293; x_wconf 74' lang='lat' dir='ltr'><strong>numerere</strong></span> <span class='ocrx_word' id='word_1_213' title='bbox 858 3227 982 3294; x_wconf 90' lang='lat' dir='ltr'><strong>dicendi</strong></span> <span class='ocrx_word' id='word_1_214' title='bbox 998 3249 1072 3296; x_wconf 88' lang='lat' dir='ltr'><strong>con·</strong></span> 
     </span>
     <span class='ocr_line' id='line_1_31' title="bbox 101 3328 1203 3418; baseline -0.001 -17"><span class='ocrx_word' id='word_1_215' title='bbox 101 3333 192 3417; x_wconf 85' lang='lat' dir='ltr'><strong>aequi</strong></span> <span class='ocrx_word' id='word_1_216' title='bbox 217 3331 330 3418; x_wconf 81' lang='lat' dir='ltr'><strong>puerei</strong></span> <span class='ocrx_word' id='word_1_217' title='bbox 353 3330 427 3397; x_wconf 91' lang='lat' dir='ltr'><strong>Non</strong></span> <span class='ocrx_word' id='word_1_218' title='bbox 442 3341 490 3398; x_wconf 86' lang='lat' dir='ltr'><strong>ert</strong></span> <span class='ocrx_word' id='word_1_219' title='bbox 513 3340 640 3398; x_wconf 84' lang='lat' dir='ltr'><strong>reatum</strong></span> <span class='ocrx_word' id='word_1_220' title='bbox 656 3328 798 3409; x_wconf 74' lang='lat' dir='ltr'><strong>difficilis,</strong></span> <span class='ocrx_word' id='word_1_221' title='bbox 821 3332 913 3416; x_wconf 79' lang='lat' dir='ltr'><strong>quim</strong></span> <span class='ocrx_word' id='word_1_222' title='bbox 929 3351 1071 3400; x_wconf 84' lang='lat' dir='ltr'><strong>neccaro·</strong></span> <span class='ocrx_word' id='word_1_223' title='bbox 1191 3342 1203 3391; x_wconf 41' lang='grc' dir='ltr'><strong>ι’</strong></span> 
     </span>
     <span class='ocr_line' id='line_1_32' title="bbox 100 3433 1071 3520; baseline -0.002 -15"><span class='ocrx_word' id='word_1_224' title='bbox 100 3439 167 3506; x_wconf 81' lang='lat' dir='ltr'><strong>ria:</strong></span> <span class='ocrx_word' id='word_1_225' title='bbox 189 3435 262 3502; x_wconf 85' lang='lat' dir='ltr'><strong>nihil</strong></span> <span class='ocrx_word' id='word_1_226' title='bbox 277 3445 325 3502; x_wconf 83' lang='lat' dir='ltr'><strong>eet</strong></span> <span class='ocrx_word' id='word_1_227' title='bbox 350 3433 433 3501; x_wconf 90' lang='lat' dir='ltr'><strong>enim</strong></span> <span class='ocrx_word' id='word_1_228' title='bbox 456 3445 522 3502; x_wconf 91' lang='lat' dir='ltr'><strong>tum</strong></span> <span class='ocrx_word' id='word_1_229' title='bbox 547 3446 699 3514; x_wconf 86' lang='lat' dir='ltr'><strong>tanarum,</strong></span> <span class='ocrx_word' id='word_1_230' title='bbox 720 3453 822 3520; x_wconf 86' lang='lat' dir='ltr'><strong>neque</strong></span> <span class='ocrx_word' id='word_1_231' title='bbox 847 3446 912 3501; x_wconf 86' lang='lat' dir='ltr'><strong>tam</strong></span> <span class='ocrx_word' id='word_1_232' title='bbox 927 3435 1071 3515; x_wconf 80' lang='lat' dir='ltr'><strong>fluxibile,</strong></span> 
     </span>
     <span class='ocr_line' id='line_1_33' title="bbox 102 3537 1072 3626; baseline -0.006 -16"><span class='ocrx_word' id='word_1_233' title='bbox 102 3561 208 3626; x_wconf 88' lang='lat' dir='ltr'><strong>noque</strong></span> <span class='ocrx_word' id='word_1_234' title='bbox 233 3539 316 3626; x_wconf 93' lang='lat' dir='ltr'><strong>quod</strong></span> <span class='ocrx_word' id='word_1_235' title='bbox 342 3547 408 3603; x_wconf 87' lang='lat' dir='ltr'><strong>tum</strong></span> <span class='ocrx_word' id='word_1_236' title='bbox 438 3537 528 3606; x_wconf 77' lang='lat' dir='ltr'><strong>iuoiii</strong></span> <span class='ocrx_word' id='word_1_237' title='bbox 552 3547 708 3623; x_wconf 77' lang='lat' dir='ltr'><strong>nequatur,</strong></span> <span class='ocrx_word' id='word_1_238' title='bbox 741 3539 928 3626; x_wconf 72' lang='lat' dir='ltr'><strong>quicunque</strong></span> <span class='ocrx_word' id='word_1_239' title='bbox 963 3539 1072 3618; x_wconf 84' lang='lat' dir='ltr'><strong>ducor,</strong></span> 
     </span>
     <span class='ocr_line' id='line_1_34' title="bbox 101 3640 1070 3736; baseline 0 -24"><span class='ocrx_word' id='word_1_240' title='bbox 101 3647 197 3736; x_wconf 77' lang='lat' dir='ltr'><strong>qrrrim</strong></span> <span class='ocrx_word' id='word_1_241' title='bbox 213 3643 322 3712; x_wconf 87' lang='lat' dir='ltr'><strong>oratio.</strong></span> <span class='ocrx_word' id='word_1_242' title='bbox 366 3640 414 3708; x_wconf 82' lang='lat' dir='ltr'><strong>Ex</strong></span> <span class='ocrx_word' id='word_1_243' title='bbox 429 3641 489 3710; x_wconf 85' lang='lat' dir='ltr'><strong>hac</strong></span> <span class='ocrx_word' id='word_1_244' title='bbox 502 3663 665 3726; x_wconf 71' lang='lat' dir='ltr'><strong>uerrunex</strong></span> <span class='ocrx_word' id='word_1_245' title='bbox 676 3641 786 3712; x_wconf 77' lang='lat' dir='ltr'><strong>eddom</strong></span> <span class='ocrx_word' id='word_1_246' title='bbox 802 3645 940 3733; x_wconf 85' lang='lat' dir='ltr'><strong>dirpurar</strong></span> <span class='ocrx_word' id='word_1_247' title='bbox 952 3643 1070 3712; x_wconf 88' lang='lat' dir='ltr'><strong>numeri</strong></span> 
     </span>
    </p>
   </div>
   <div class='ocr_carea' id='block_1_3' title="bbox 0 0 1234 3972">
    <p class='ocr_par' dir='ltr' id='par_1_5' title="bbox 0 0 1234 3972">
     <span class='ocr_line' id='line_1_35' title="bbox 0 0 1234 3972; baseline 0 1"><span class='ocrx_word' id='word_1_248' title='bbox 0 0 1234 3972; x_wconf 95' lang='lat' dir='ltr'><strong> </strong></span> 
     </span>
    </p>
   </div>
  </div>
 </body>
</html>
