2400 3980
327 171 370 232 ‘nr
392 189 541 233 onrronn
564 187 661 233 uranu
683 187 812 234 seruos.
901 153 904 174 ¹
1037 177 1057 236 ὅ

81 334 198 413 omnis,
209 350 409 422 quecunque
421 348 559 422 possent,
574 337 771 403 vel'soientiae
782 337 1056 422 pervestigatione,

81 439 130 504 vel
143 440 317 504 disserendi
340 442 462 508 ratione
477 426 781 528 comprehenderint
825 441 907 512 Quis
921 443 1057 528 ignoret,

81 543 112 621 ii,
133 545 186 627 qui
208 546 425 612 mathematici
439 558 601 624 vocantur,
626 545 745 641 quenti
759 544 996 658 inpopscuritete
1010 567 1056 612 re·

81 669 161 727 rum,
186 651 328 732 esquier
343 651 549 716 reconditam
565 663 633 716 orte
647 662 679 716 et
694 637 856 735 multiplici
880 649 1055 736 subtilique,

81 753 260 818 versentnri
278 776 345 837 quo
360 756 509 820 tamenin
521 777 637 840 genere
651 756 696 820 ita
710 755 799 820 multi
813 753 944 840 perlecti
958 753 1055 822 homi·

81 879 136 922 nes
150 857 345 935 exstiterunt,
363 870 397 924 ut
411 881 506 924 nemo
520 861 583 926 fere
597 861 752 925 studuisse
767 859 796 924 ei
809 859 949 925 scientim
964 857 1054 924 vehe-

81 962 391 1040 metuendumne
416 965 501 1048 quin,
527 966 612 1049 quod
635 965 776 1043 voluerit,
802 975 990 1033 consecutus
1005 963 1053 1029 sit.

82 1065 164 1135 Quis
179 1065 313 1144 musicis,
328 1069 397 1150 quis
411 1067 483 1133 huic
497 1069 600 1134 studio
615 1069 784 1146 literarum,
808 1069 893 1153 quod
909 1069 1054 1154 proliten-

81 1181 130 1232 tur
143 1169 175 1246 ii,
188 1170 243 1252 qui
257 1173 454 1254 grammatici
468 1184 630 1250 uocantur,
645 1174 769 1259 peninls
784 1194 818 1238 se
833 1173 963 1250 dedidit,
978 1173 1052 1255 quin

81 1263 208 1338 ornnem
224 1275 344 1339 illerum
360 1277 470 1342 artium
490 1299 581 1361 paene
596 1278 748 1342 infinitam
764 1277 825 1342 vim
841 1288 873 1342 et
888 1271 1052 1342 materiam

80 1378 228 1442 scientim
243 1380 435 1464 cogitatione
458 1382 752 1466 comprehendenti
796 1381 876 1446 Vere
899 1382 973 1445 mibi
990 1382 1052 1445 hoc

78 1483 188 1547 videor
197 1503 265 1547 esse
277 1483 424 1561 dicturus,
435 1505 473 1549 er
486 1485 630 1550 omnibus
641 1485 686 1562 iis,
701 1485 799 1568 quiin
812 1485 921 1548 herum
938 1485 1050 1548 artium

79 1587 188 1650 studiis
210 1587 427 1652 liberalissimis
442 1589 503 1653 sint
517 1589 728 1672 doctrinisque
742 1589 866 1667 versati,
890 1587 1051 1652 minimam

78 1690 205 1775 copiam
222 1695 384 1774 poetarum
399 1693 596 1777 egregiorum
618 1694 780 1759 exstitisse.
824 1693 928 1778 Atque
943 1693 974 1756 in
990 1692 1051 1758 hoo

77 1794 147 1879 ipso
162 1815 303 1871 numero,
328 1797 359 1858 in
372 1817 437 1878 quo
453 1797 577 1880 perraro
589 1799 729 1864 ,exoritur
753 1798 871 1882 aliquis-
885 1797 1051 1872 excellens,

77 1899 103 1962 si
118 1898 293 1981 diligenter,
318 1911 408 1964 etex
431 1912 617 1980 nostrorum,
642 1914 674 1967 et
693 1925 731 1968 ex
749 1903 931 1968 Graecorum
958 1900 1050 1984 copia

77 2023 265 2086 comparere
279 2002 374 2080 voles,
391 2003 487 2068 mette
498 2019 603 2088 tamen
616 2007 779 2091 pauciores
791 2018 940 2082 oratores
955 2007 1049 2088 quern

79 2109 181 2189 peitae
203 2106 276 2170 boni
300 2108 500 2190 reperientur.
532 2111 644 2180 ¹(tund
671 2112 731 2173 hec
756 2110 861 2187 etiem,
880 2108 1051 2175 mirabilius

77 2211 175 2274 debet
189 2211 294 2288 videri,
317 2212 391 2294 quie
406 2225 590 2277 caetererurn
613 2213 725 2278 artium
740 2212 842 2294 qtudie
864 2213 928 2276 fore
943 2231 1051 2276 recon-

10 2342 14 2350 ·
58 2300 150 2378 [dtus
165 2315 384 2408 etquesebditis
398 2317 567 2396 clientibus
579 2317 780 2382 hauriuntur:
802 2316 926 2382 dicendi
943 2324 1048 2381 eutem

77 2418 181 2484 omnis
203 2405 329 2482 retio'iu
346 2403 449 2484 medie
464 2421 574 2504 posite,
597 2421 755 2486 communi
781 2421 921 2504 quodem
936 2420 967 2484 in
983 2439 1050 2496 usu,

75 2533 173 2607 etque
188 2523 218 2587 in
235 2523 395 2588 hominum
409 2547 495 2590 more
514 2538 546 2590 et
560 2547 703 2592 sermone
715 2540 871 2591 versetur:
894 2537 927 2590 ut
943 2527 975 2590 in
990 2547 1049 2592 em·

76 2629 149 2692 teris
164 2627 195 2691 id
212 2627 345 2692 maxime
360 2629 503 2707 excellet,
529 2632 612 2713 quod
638 2631 815 2715 longissime
831 2633 869 2693 sit
895 2630 936 2693 ab
951 2630 1048 2714 impe·

74 2732 204 2796 ritornm
230 2731 432 2816 intelligentie
456 2755 610 2824 seqanue
635 2735 833 2819 disjunctum,
856 2733 888 2796 in
912 2733 1049 2798 dicende
1104 2791 1106 2795 ,

75 2847 182 2902 eutem
199 2835 305 2899 vitium
321 2836 368 2903 vel
380 2839 549 2901 maximum
561 2839 601 2902 sit
613 2838 759 2922 evulgari
774 2837 1047 2922 genereoretionis

75 2953 171 3026 atque
188 2961 208 3003 a
223 2940 447 3005 consuetudine
462 2943 636 3006 communis
651 2941 757 3006 sensis
773 2923 948 3006 ebherrerb.

116 3045 172 3110 IV.
196 3043 246 3108 Ac
260 3065 299 3108 ne
321 3044 393 3108 illud
416 3045 542 3129 quidem
558 3047 627 3110 verb
648 3047 710 3109 diei
735 3057 849 3130 potest,
875 3055 929 3109 eut
944 3045 1049 3130 plures

73 3149 197 3215 oaeteris
213 3149 328 3212 artibus
343 3150 497 3226 inservire,
523 3162 578 3214 ent
602 3149 718 3235 majore
745 3149 966 3227 delectatione,
992 3161 1046 3215 eut

72 3275 130 3339 spe
146 3253 302 3330 uberiore,
317 3266 371 3317 eut
384 3255 518 3338 praemils
533 3256 574 3318 ed
589 3255 828 3340 perdiscendum
845 3251 1046 3338 amplioribus
1111 3242 1114 3248 ’

71 3355 277 3424 commoveri.
320 3358 434 3442 Atque,
449 3369 483 3422 ut
494 3359 637 3423 omittam
653 3359 821 3435 Groeciem,
836 3379 907 3440 qum
922 3379 1046 3443 semper

71 3462 264 3548 eloquentiae
279 3463 422 3547 princeps
437 3483 505 3528 esse
516 3463 620 3541 voluit,
633 3475 727 3547 etque
742 3462 808 3526 illas
820 3463 958 3526 omnium
971 3464 1046 3528 doe·

72 3569 226 3634 trinutum
241 3565 425 3632 inventrices
440 3567 591 3644 Athenas,
612 3568 641 3631 in
656 3567 767 3650 quibus
782 3581 905 3632 summa
919 3567 1044 3632 dicendi

70 3673 118 3740 ris
132 3683 166 3740 et
187 3672 314 3752 invente
328 3681 422 3737 estet
443 3670 601 3756 perfecte:
623 3673 654 3735 in
669 3672 731 3738 hac
744 3670 811 3755 ipsi
825 3669 950 3734 civitate
975 3689 1043 3752 pro

533 3774 570 3837 l*
729 3773 731 3785 ’
