2466 3966
105 83 184 144 tue·
332 97 671 168 anonumum
695 101 880 148 stennon&
928 83 932 94 '

99 253 211 310 tamen
226 243 394 312 verbum
415 245 589 330 gratiae,
607 257 642 312 et
659 246 831 334 elegantiis,
846 259 880 314 et
894 247 1001 332 copis,
1015 267 1110 314 suam

43 347 47 352 ’
100 347 268 431 quandam
290 348 443 430 expressit
463 349 557 432 quasi
574 349 712 414 immam
733 351 935 436 figuramque
959 352 1113 418 dicendi:

100 450 186 534 quod
203 457 265 533 ego
282 451 419 516 maxime
436 451 524 535 potui
545 447 694 538 judicate.
707 453 739 518 in
754 453 794 518 eei
808 454 920 530 causi,
942 475 1042 538 quam
1058 454 1112 519 ille.

102 563 217 620 eontra
232 574 284 616 me
299 554 386 638 apud
402 555 617 620 centumviros
629 577 690 640 pro
709 555 858 620 iratribus
882 556 991 621 Cossis
1015 557 1113 634 dixit3

99 656 132 720 in
144 655 207 740 quai
218 656 293 722 nihil
307 656 350 720 iili
362 656 472 734 defuit,
484 658 571 738 quod
582 679 647 723 non
658 659 759 722 modo
768 659 1111 742 copiosus2sedetiem

102 759 230 845 sapiens
246 770 355 826 orator
371 759 490 824 habere
506 760 650 826 deberet.

145 861 268 926 XXIV.
291 861 426 938 verum,
438 873 472 927 ut
488 862 662 946 aliquando
679 865 721 929 ad
736 886 852 930 causas
864 866 1064 930 deducamus
1076 864 1115 931 ii-

102 966 180 1042 ium,
196 984 293 1046 quem
308 963 513 1042 instituimus,
529 977 561 1030 at
577 988 632 1032 eas
648 968 790 1050 quidem,
805 969 837 1032 in
853 969 968 1052 quibus
983 969 1114 1052 pluscu-

61 1078 66 1085 “
103 1069 172 1134 lum
186 1067 310 1151 negotii
323 1079 381 1144 est,
399 1067 593 1152 judiciorum
607 1081 705 1153 atque
720 1070 833 1148 litium,
857 1071 973 1152 (riserit
996 1071 1112 1154 aliquis

100 1171 234 1237 fortasse
245 1172 307 1254 hoe
317 1181 533 1256 praeoeptum3
544 1183 592 1236 est
602 1173 690 1238 enim
697 1193 763 1236 non
772 1184 839 1238 tam
851 1184 994 1251 acutum,
1006 1177 1108 1258 quam

103 1275 334 1354 necessarium„
344 1275 511 1361 magisque
524 1276 689 1342 monitoris
701 1298 766 1342 non
779 1277 869 1354 fetui,
884 1279 979 1359 quim
993 1276 1112 1342 eruditi

103 1379 248 1464 magistri
253 1381 276 1464 z)
292 1379 355 1442 hoo
367 1381 398 1444 ei
408 1381 544 1464 primum
558 1379 791 1472 praecipiemus,
806 1401 1016 1464 quascunque
1029 1400 1108 1446 eau-

11 1487 12 1494 ’
62 1497 65 1501 ·
106 1482 232 1550 snserit
248 1493 388 1560 acturus,
409 1494 443 1548 ut
460 1504 515 1548 eas
531 1482 700 1568 diligenter
711 1483 902 1568 penitusque
918 1493 1109 1567 cognoseat.

108 1587 184 1651 Hoc
198 1587 230 1650 in
246 1586 323 1652 iudo
338 1608 403 1652 non
419 1585 616 1669 praecipitur:
639 1585 748 1650 faciles
761 1588 846 1650 euim
859 1607 966 1653 eausa}
979 1587 1020 1650 ed
1033 1608 1113 1672 pue*

30 1749 32 1754 .
106 1711 159 1754 ros
170 1689 364 1753 deseruntur.
409 1689 477 1752 Lex
489 1688 690 1775 peregrinum
701 1701 789 1754 vetat
798 1691 829 1754 in
841 1713 965 1756 murum
977 1692 1111 1755 adscen-

108 1795 203 1860 dere:
228 1791 417 1860 adscendit:
438 1792 545 1856 hostes
568 1791 700 1876 repulit:
724 1807 905 1858 accusatur.
929 1794 1036 1874 ⁴Nihil
1060 1805 1114 1860 ent

108 1898 231 1984 negotii
240 1897 420 1982 hujusmodi
429 1917 779 1984 catuameognoscere.
825 1897 1114 1982 Recteigiturnihii

108 2002 150 2068 de
162 2001 260 2067 causei
272 2001 425 2065 discendi
438 1995 642 2086 piaeoipiunt:
664 2000 734 2066 haeo
746 2009 795 2066 est
806 2000 892 2066 enim
904 2000 935 2064 in
948 2000 1114 2066 ludooau·

109 2104 450 2172 serumseresormula.
495 2105 539 2170 At
551 2105 625 2169 vero
637 2105 669 2167 in
681 2103 761 2181 soro,
773 2103 905 2180 abulae,
917 2105 1113 2182 testimonia,

109 2221 219 2298 poeta,
234 2220 406 2287 conventa,
428 2209 660 2293 stipulationes,
681 2207 905 2293 cognationes,
927 2207 1114 2286 affinitates,
1147 2279 1150 2283 ,

110 2317 254 2391 decreta,
268 2335 433 2398 responsa,
448 2312 513 2376 nita
527 2313 666 2395 denique
682 2332 807 2388 eorum,
818 2311 872 2394 qui
888 2311 922 2376 in
936 2309 1034 2376 causti
1045 2331 1114 2376 vet-

110 2429 232 2493 santur,
243 2426 313 2480 tota
324 2416 556 2498 cognoscenda
567 2426 630 2480 est:
653 2413 1115 2499 quarumrerumnegtigentia

111 2521 281 2610 plerasque
297 2539 424 2595 causas,
443 2529 476 2582 et
496 2518 633 2582 maxime
649 2518 788 2602 privatas
805 2517 893 2598 (sunt
908 2517 994 2581 enim
1010 2515 1114 2584 multu

14 2663 18 2670 ·
111 2621 688 2708 sepeobscuriores)videmusamitti.
729 2619 1116 2703 Itanonnullidumope-

111 2749 182 2798 tam
200 2748 294 2795 suam
312 2725 445 2794 multam
456 2724 627 2792 existimari
638 2723 758 2801 volunt,
767 2737 802 2788 ut
812 2735 881 2788 toto
891 2722 960 2788 foro
970 2723 1117 2802 volitare,
1170 2747 1180 2758 ‘

88 2807 105 2912 J
112 2843 146 2900 et
162 2833 292 2902 acausfi
304 2832 343 2896 ad
360 2850 494 2900 cansam
505 2828 549 2910 ire
562 2829 742 2918 uideantur,
755 2849 873 2892 ontisas
883 2826 994 2892 dieunt
1005 2821 1119 2910 incog.

113 2936 207 3002 nitas.
252 2937 290 3004 ln
306 2955 370 3021 quo
386 2945 434 3000 est
446 2933 498 3002 itta
513 2932 643 3016 quidem
657 2953 777 3016 magna
792 2931 938 3008 offensio,
952 2930 1000 2995 vel
1017 2929 1117 3016 negli-

113 3038 244 3124 gentian,
255 3037 410 3120 susceptis
420 3036 532 3112 rebus3
551 3035 599 3100 vel
611 3035 762 3118 perfidiae,
774 3033 927 3118 receptis:
948 3032 1117 3100 sedetiam

113 3143 168 3210 illa
182 3143 282 3228 major
292 3140 455 3224 opinione,
466 3139 552 3226 qued
564 3161 662 3204 nemo
675 3149 781 3222 potest
792 3139 833 3202 de
845 3137 885 3202 eei
897 3159 930 3203 re
940 3158 1038 3222 quam
1050 3158 1118 3204 non

115 3247 214 3324 novit,
229 3266 293 3311 non
309 3243 487 3326 turpissime
503 3243 621 3310 dicere.
664 3242 716 3310 Ita
731 3243 808 3308 dum
825 3241 945 3307 inertiae
960 3240 1118 3324 vitupera·

79 3397 82 3402 -
115 3353 248 3428 tionem,
271 3369 343 3432 quoe
359 3347 459 3431 major
476 3358 533 3422 est,
552 3356 776 3422 contemnunt,
791 3355 1002 3428 assequuntur
1017 3343 1118 3410 etiam

115 3456 321 3538 illam,quam
332 3452 436 3536 magis
446 3451 504 3535 ipsi
514 3448 827 3534 fugiunt‚tarditatis.
862 3447 1120 3532 Equidemsoleo

117 3562 195 3633 dare
219 3578 365 3648 operam²
386 3567 421 3619 ut
435 3556 477 3620 de
493 3553 551 3624 suit
564 3553 699 3639 quisque
715 3573 749 3615 te
766 3574 818 3622 ino
834 3553 902 3643 ipse
916 3553 1057 3636 doceam,
1074 3561 1123 3632 et,
