2400 3980
141 145 183 204 62
385 157 427 202 nra
451 159 603 202 onnronn
626 153 723 204 arnan
748 158 876 201 enixus.

139 327 209 374 rum
223 305 358 372 orbitati.
402 307 515 392 ltaque
527 311 598 372 cum
616 317 648 372 et
662 307 777 373 invidid
795 318 827 371 et
842 307 915 372 odio
931 305 1039 390 populi
1054 319 1130 372 turn
1189 359 1190 362 ,

139 411 245 478 Galba
259 425 463 496 premeretur,
475 412 520 476 his
536 431 662 496 quoque
677 433 749 476 cum
776 411 935 496 tragoediis
951 411 1129 475 liberatum

130 515 279 600 <erebum
299 515 385 601 quod
400 517 475 582 item
496 517 579 600 apud
594 515 749 579 Catonem
766 516 916 599 scriptum
931 537 999 579 esse
1015 516 1131 588 rideo,

137 620 196 688 uisi
210 621 313 706 pueris
327 633 360 686 et
381 621 525 704 lacrymis
541 640 613 683 usus
628 630 720 694 esset,
735 641 846 702 poenns
871 641 944 684 eum
969 621 1129 684 daturum
1189 625 1192 668 3

136 723 240 792 luisse.
284 725 364 790 Haec
380 723 614 789 Rutilius-valde
631 723 844 808 vituperabat3
867 724 981 788 ethuic
997 724 1129 800 humili·
1189 781 1190 784 ,

138 829 207 906 rati,
220 828 357 904 dicebat,
371 826 420 891 vel
435 826 574 892 exsilium
591 827 694 904 luisse,
708 825 756 890 rel
774 838 905 890 mortem
923 839 1129 911 anteponen-

137 933 221 998 dum.
264 931 379 1014 Neque
392 931 464 996 uero
480 931 542 996 hoc
553 929 817 1007 sotum'dtsiased
829 929 895 1013 ipse
911 943 943 994 et
958 931 1068 1007 sensit,
1092 945 1128 997 et

136 1035 220 1100 feeit.
263 1035 349 1100 Nem
365 1036 437 1100 cum
453 1047 537 1100 esset
551 1035 601 1100 ille
613 1036 657 1098 xir
669 1033 861 1118 exemplum,
873 1045 907 1097 ut
918 1034 1014 1109 scitis,
1029 1035 1128 1100 inno·

136 1139 269 1215 centiae3
288 1142 427 1221 cumque
441 1139 493 1204 illo
509 1159 604 1206 netno
617 1159 719 1223 neque
742 1139 890 1222 integrior
900 1149 982 1203 esset
998 1140 1029 1204 in
1046 1142 1126 1206 civi·

135 1254 201 1308 tute
225 1263 329 1327 neque
355 1243 503 1320 sanctior,
528 1265 592 1308 non
608 1245 704 1308 modd
730 1243 860 1328 supplex
874 1243 1032 1328 judicibus
1048 1267 1124 1310 esse

136 1347 312 1424 noluissed
328 1369 368 1412 ne
384 1349 522 1414 ornatius
538 1347 666 1431 quidem
692 1361 747 1412 aut
761 1347 885 1412 liberius
900 1369 1029 1412 causam
1055 1349 1123 1414 dici
1189 1379 1192 1420 t

134 1470 235 1529 suam,
260 1453 355 1536 qudm
381 1431 512 1536 rilnplex
536 1452 617 1517 ratio
643 1451 780 1528 veritatis
805 1451 935 1516 ferebat.
980 1451 1120 1516 Paulum
1190 1481 1192 1525 a

136 1558 208 1623 huic
223 1557 328 1623 Cottae
343 1555 449 1621 tribuit
464 1557 610 1640 partium,
625 1557 825 1620 disertissimo
846 1542 1054 1633 adolescenti,
1069 1579 1122 1622 so·
1191 1589 1192 1630 t

136 1661 212 1726 roris
235 1680 299 1724 sum
322 1659 396 1722 fillo.
439 1659 524 1722 Dixit
550 1659 625 1722 item
651 1681 780 1722 causam
807 1658 890 1722 illum
914 1659 1052 1742 quadarn
1078 1683 1121 1726 ex
1191 1691 1192 1732 t

137 1773 225 1848 parte
242 1762 286 1831 Q.
311 1761 446 1862 Mucius,
462 1781 548 1824 more
563 1782 631 1836 sao,
655 1760 739 1824 nullo
756 1773 920 1844 apparatu,
939 1765 1013 1844 pure
1024 1775 1058 1827 et
1074 1766 1121 1828 di·
1191 1795 1192 1836 t

134 1865 248 1932 lucide
289 1864 421 1938 Quod·
399 1886 423 1927 sr
439 1875 473 1928 tu
484 1873 570 1941 tunc,
583 1863 706 1941 Crasse,
721 1865 859 1942 dixisses,
874 1887 927 1948 qur
919 1861 1135 1932 subsidium

135 1969 261 2046 oraturi,
284 1990 322 2033 ex
337 1967 395 2032 illis
416 1967 679 2052 disputationibus
701 1969 812 2052 quibus
828 1969 1017 2052 philosophi
1025 1985 1120 2036 utun·
1191 2005 1192 2038 2

136 2088 195 2150 tur,
208 2073 249 2140 nd
263 2071 390 2138 dicendi
404 2072 541 2156 copiam,
556 2073 728 2156 petendum
750 2094 817 2136 osse
833 2073 928 2156 peuld
944 2077 1016 2139 ante
1032 2077 1119 2140 dice·

136 2179 209 2258 bes,
231 2190 272 2257 et,
287 2179 312 2243 sl
327 2179 382 2242 tibi
399 2199 454 2262 pro
469 2177 506 2242 Ρ.
514 2177 651 2254 nuntio,
667 2199 731 2241 non
746 2163 999 2261 philosophorum
1016 2201 1116 2256 more,
1191 2211 1192 2214 ¹

137 2285 193 2350 sed
208 2296 275 2362 tuo,
286 2284 423 2348 licuisset
437 2283 563 2359 dioer03
584 2283 726 2365 quemvis
749 2281 892 2345 scelerati
919 2282 960 2360 illi
975 2283 1117 2360 luissent,
1191 2343 1192 2370 ξ

60 2451 68 2474 ‚
135 2387 228 2454 sicuti
239 2387 374 2460 luerunt,
390 2386 525 2468 pestiferi
540 2387 634 2462 cives,
649 2384 865 2468 supplicioque
880 2387 985 2470 digni3
1006 2399 1115 2452 temen
1191 2453 1192 2460 ,

139 2508 266 2555 ornnem
282 2509 390 2552 eorum
407 2488 673 2571 importunitatem
690 2511 729 2552 ex
740 2489 853 2552 intimis
866 2490 1020 2554 mentibus
1034 2491 1116 2556 ercl·

138 2595 223 2660 iisset
237 2592 285 2656 vis
296 2591 444 2656 orationis
459 2603 540 2656 taae:
562 2613 646 2656 nunc
662 2591 730 2655 talis
743 2592 786 2656 vir
802 2595 931 2658 emissus
956 2607 1014 2672 est,
1038 2596 1114 2660 dum

78 2731 79 2734 ¹
139 2717 236 2764 causa
251 2697 295 2760 ita
309 2695 432 2771 dicitur,
451 2706 485 2758 ut
499 2695 524 2758 si
540 2693 570 2758 in
586 2695 636 2758 illd
651 2699 873 2762 commenticii
889 2697 1028 2764 Platonis
1043 2702 1116 2766 civi·
1191 2727 1192 2736 ¹

140 2814 205 2870 tate
218 2823 266 2868 res
282 2812 435 2885 ageretur.
471 2798 576 2864 Nemo
589 2800 750 2884 ingemuit,
762 2821 855 2866 nemo
870 2797 1050 2870 inclamavit
1062 2825 1116 2890 pu·
1191 2785 1192 2848 f

105 2988 109 3001 Ι
140 2919 311 2982 tronorum,
336 2905 409 2969 nihil
435 2905 581 2986 cuiquam
605 2905 714 2982 doluit,
738 2925 831 2969 nemo
846 2918 893 2970 est
909 2922 1114 2990 questumne·
1191 2917 1192 2954 ³

115 3081 118 3088 ,
144 3033 196 3079 mo
219 3008 444 3092 rempublicam
467 3008 652 3092 imploravit,
678 3029 771 3074 nemo
786 3011 981 3093 supplicavit.
1025 3013 1114 3084 Quid

143 3105 263 3180 multal
286 3112 400 3195 pedem
415 3132 508 3176 nemo
524 3114 554 3179 in
567 3113 619 3176 illo
634 3112 751 3198 Judicio
777 3114 938 3198 supplosit,
953 3116 1059 3222 credo,
1074 3137 1114 3186 nc

144 3217 259 3298 Stoicis
277 3213 513 3280 renuntiaretur.

186 3319 269 3390 LIV.
290 3305 1114 3390 lmitntusesthomoRomonusetconeulerisveterem

145 3430 229 3498 illum
246 3427 421 3499 Socratem,
435 3424 604 3507 qui,quum
618 3425 756 3488 omnium
767 3427 1011 3510 sapientissimus
1022 3441 1113 3503 esset,
1181 3449 1187 3462 ·

146 3531 400 3612 donetissimdque
414 3527 547 3603 vixisset,
557 3529 611 3624 ⁴itu
631 3528 790 3612 injudicio
806 3531 916 3613 capitis
932 3531 1112 3615 praecipue
1134 3588 1138 3600 .
1191 3523 1192 3530 ἵ

148 3636 235 3716 dixit,
245 3646 280 3699 ut
293 3653 357 3697 nou
372 3631 501 3716 supplex
528 3645 582 3694 aut
597 3653 677 3708 reus,
691 3633 744 3696 sed
768 3635 915 3717 magister
941 3648 993 3699 ant
1016 3636 1111 3700 domi·
1167 3703 1169 3712 ,

502 3832 569 3962 l
