2466 3966
125 93 208 154 tto.
297 123 301 128 ·
339 108 393 174 ¹ers
416 105 569 152 aaaron}
590 105 689 148 uranx
708 105 892 149 sequanus.
912 125 916 132 ·

123 261 223 320 cetur.
266 253 299 316 N
302 274 353 316 ant
366 261 400 316 et
411 273 519 330 omne,
531 253 620 336 quod
632 237 877 334 eloquimuriic,
893 260 926 332 qt
938 250 969 314 id
983 231 1038 314 aut
1049 271 1127 314 esse

124 355 282 432 dicamus,
297 365 352 418 out
367 377 431 434 nqn
447 377 528 432 esse,
543 366 576 420 et
589 355 616 418 si
628 355 812 440 simpliciter
825 354 947 418 dictum
963 353 1013 428 sit,
1028 353 1130 415 susci-

55 523 59 528 .
124 458 216 543 piunt
231 457 402 532 dialectici,
420 469 454 544 pt
465 458 621 544 judicent,
636 477 787 522 veramne
803 457 853 532 sit,
877 477 918 519 an
934 456 1067 518 salsum:
1091 463 1130 518 et
1225 449 1226 452 ’

110 557 153 624 'si
169 561 340 646 conjuncte
356 563 395 624 sit
408 545 544 636 buitim,
564 572 597 624 et
619 560 771 644 adjuncta
794 559 856 624 rint
879 559 952 634 alia,
970 557 1131 642 judicent,

126 666 257 729 rectene
270 663 421 747 adjuncta
433 663 510 727 sint:
526 676 685 728 et-verane
694 683 821 727 summo
831 662 870 725 sit
879 661 1130 745 uniuscujusque

90 783 95 794 ¹
114 761 275 832 ¹rationis:
299 777 331 829 at
347 768 388 828 ad
405 747 580 830 extromum
597 767 655 850 ipsi
671 788 705 830 se
725 776 948 863 compungunt
967 763 1031 827 suis
1052 783 1132 826 sou·

38 919 42 928 ,
128 870 283 944 minibus3
305 870 338 932 et
355 869 454 932 multa
477 869 662 951 quaerendo,
684 872 845 952 reperiunt
867 889 932 932 non
956 867 1055 930 modo
1077 885 1132 941 ee,

128 973 277 1056 quaejam
289 993 352 1036 non
364 973 483 1055 possint
493 973 551 1057 ipsi
560 956 742 1046 dissolvere,
753 972 810 1034 sed
820 971 919 1034 etiam
929 967 1042 1052 quibus
1052 970 1131 1031 ante

130 1097 255 1151 exorsa,
266 1086 299 1166 et
311 1077 416 1158 potius
428 1077 558 1140 detexta
570 1079 680 1160 propia,
691 1085 884 1142 retexuntur.
929 1073 993 1136 Hie
1004 1093 1063 1136 nos
1075 1072 1133 1156 igi·

130 1191 181 1244 tur
197 1179 326 1242 Stoicus
341 1179 399 1242 iste
419 1179 494 1242 nihil
515 1180 655 1263 adjuvat,
678 1179 830 1262 quoniam
855 1175 1134 1261 quemadmodum

132 1283 292 1346 inveniam·
307 1281 387 1364 quid
397 1283 516 1358 dicum,
530 1303 596 1371 non
611 1283 712 1368 docet
719 1301 727 1344 ι
751 1265 847 1364 atque
863 1280 949 1344 idom
964 1277 1134 1344 otiantirn·

133 1387 232 1470 pedit,
247 1386 333 1468 quod
346 1396 379 1450 et
395 1379 495 1450 multa
509 1385 636 1469 reperit,
650 1407 724 1468 quoe
740 1396 841 1480 neget·
852 1384 1026 1450 ullomodo
1038 1401 1134 1466 posse

133 1486 1134 1574 dissolvi,etgenussermonisaffertnonliquidum,nonfusum
1165 1517 1168 1522 ·

85 1645 86 1649 ,
134 1615 174 1658 ac
191 1595 361 1676 profluens,
377 1594 434 1656 sed
449 1593 540 1668 exile,
561 1594 696 1668 aridum,
716 1593 883 1656 concisum
899 1613 938 1654 ao
954 1591 1113 1653 minutum
1127 1607 1134 1649 ε

133 1696 220 1776 qnod
235 1695 261 1758 si
276 1695 345 1776 quis
361 1693 519 1782 probabit,
534 1693 578 1757 ita
594 1695 752 1786 probabit,
768 1705 802 1758 ut
817 1693 935 1758 oratori
950 1704 1061 1756 tamen
1078 1713 1135 1776 ap·
1191 1743 1196 1752 .

135 1808 204 1860 turn
219 1799 370 1860 non'esse
386 1797 533 1862 fateatur.
578 1797 661 1858 Haee
676 1798 762 1860 eninr
778 1807 886 1860 nostra
900 1796 1015 1872 orati0,
1034 1794 1137 1858 multi·
1219 1805 1226 1819 ¹

136 1899 252 1962 tudinis
265 1909 312 1962 eat
331 1892 457 1962 auribus
473 1878 765 1976 accommodanda,
786 1901 827 1964 ad
844 1899 1056 1963 oblectandos
1072 1899 1138 1960 ani-

136 2024 218 2080 mos,
233 2002 274 2066 od
290 2001 509 2084 impellendos,
524 2003 565 2065 od
581 2024 622 2066 aa
637 2003 816 2086 probanda,
831 2023 904 2086 quae
919 2023 984 2066 non
1000 2000 1137 2065 aurificis

136 2105 994 2190 statorbsedquddampopularitrutinde'xarninantur.
1025 2104 1137 2180 Quare
1182 2099 1226 2128 'l

138 2211 233 2276 istum
249 2223 349 2276 artem
366 2221 468 2278 ttitarn
483 2211 692 2290 dimittamuS,
713 2231 785 2294 quae
807 2212 838 2274 in
855 2209 1076 2294 excogitandis
1092 2231 1138 2272 ar·

139 2316 300 2398 gumentis
313 2325 402 2378 muta
415 2317 546 2380 nimidm
558 2328 617 2391 est,
629 2316 660 2380 in
672 2315 853 2400 judicandis
866 2315 997 2380 nimium
1009 2315 1137 2396 loquax.
1225 2347 1226 2352 1

142 2416 316 2480 Critolaum
333 2419 438 2493 istum,
452 2438 548 2499 quern
561 2418 652 2481 simul
668 2439 742 2482 curn
759 2419 906 2502 Diogene
918 2420 1040 2482 venisse
1053 2437 1139 2481 nom·

105 2573 119 2580 -
141 2537 315 2616 memoras,
329 2530 406 2602 puto
419 2521 489 2602 plus
501 2523 574 2584 huic
587 2523 691 2586 studio
703 2535 812 2586 nostro
826 2524 976 2606 prodesse
990 2521 1137 2606 potuisse.
1225 2599 1226 2606 ἵ

141 2618 220 2686 Erat
234 2623 319 2686 onim
340 2623 381 2686 ab
405 2624 465 2686 isto
481 2625 663 2701 Aristotele,
686 2647 703 2688 a
728 2628 816 2710 eujus
839 2625 975 2690 inventis
998 2625 1055 2688 tibi
1077 2645 1140 2707 ego

142 2725 250 2791 videor
263 2749 327 2790 non
339 2727 434 2810 longe
447 2728 609 2792 aberrare:
626 2740 722 2811 atque
733 2729 814 2793 inter
826 2731 911 2794 hunc
926 2726 1138 2804 Aristotelem,

143 2829 248 2914 (cujus
262 2841 295 2894 et
311 2831 398 2897 illurn
413 2830 477 2914 legi
492 2831 616 2908 librum,
632 2833 663 2896 in
678 2855 743 2916 quo
757 2835 904 2916 exposuit
916 2831 1045 2896 dicendi
1058 2841 1139 2894 artes
1222 2901 1226 2918 ⁴

141 2933 287 2994 omniurn
303 2925 512 3016 superiorum,
527 2946 559 2998 ot
575 2935 655 3010 illos,
670 2934 700 3007 in
718 2936 831 3019 quibus
843 2937 911 3020 ipse
922 2957 980 2998 sua
993 2933 1138 3018 quaedarn

144 3036 186 3100 de
201 3036 314 3100 eddom
332 3049 399 3102 arte
414 3040 516 3124 dixin)
532 3051 564 3104 et
572 3041 638 3140 lios
650 3059 821 3124 germanos
835 3040 924 3123 hujus
938 3039 1012 3100 artis
1029 3037 1139 3127 magis·
1213 3125 1220 3136 ἴ

145 3143 221 3216 tros,
236 3140 299 3204 boo
315 3140 391 3204 mihi
406 3142 504 3205 visurn
521 3153 568 3208 est
585 3143 756 3217 in‘tererse3
778 3142 863 3231 qnod
880 3141 931 3204 ille
947 3140 1060 3204 eddem
1074 3139 1139 3205 abio

146 3243 272 3320 mentis,
284 3241 347 3326 qui
358 3263 461 3308 rerum
475 3246 617 3308 onmium
629 3245 692 3307 vim
705 3253 917 3326 naturamque
928 3245 1061 3321 viderat,
1073 3245 1138 3310 haeo

146 3367 274 3433 quoque
287 3347 446 3430 adspexit,
460 3345 533 3430 quae
545 3349 586 3411 ad
598 3347 727 3411 dicendi
739 3358 852 3429 artem,
867 3351 964 3430 quarn
977 3348 1027 3411 ille
1039 3349 1136 3431 despi-
1219 3420 1223 3426 „

147 3449 265 3536 ciobqt,
280 3451 500 3533 pertinebant:
522 3451 564 3515 illi
580 3461 699 3527 autern,
715 3451 768 3532 qui
780 3451 843 3515 hoo
856 3452 957 3514 solnm
972 3451 1137 3516 colendum

145 3553 322 3632 ducebant,
337 3552 520 3618 habitabunt
534 3554 566 3618 in
582 3553 645 3618 hac
661 3553 862 3620 oneratione
878 3550 1062 3632 tractandd,‘
1079 3571 1136 3620 non
