2458 3972
335 177 378 222 as
394 153 544 224 anison
561 177 659 224 crass
674 177 837 224 mnan:
1010 161 1073 222 tlt

96 347 173 411 quus
198 325 328 404 ieceras,
355 325 624 411 quemadmodum
652 327 784 412 primum
811 329 932 406 ornate,
954 326 1070 394 deiude

96 431 191 496 stium
208 434 291 516 apte,
313 431 498 498 diceremus.
543 431 620 503 Quo
638 434 715 498 culm
729 433 885 517 ingrersus
908 435 1002 508 aises,
1027 449 1073 497 re·
1176 483 1178 490 .

98 537 191 622 pente
216 547 247 602 te
269 535 358 619 quasi
374 537 502 620 quidem
528 537 751 622 aestus‘ingeoii
765 535 810 602 tui
826 535 933 621 procul
959 533 1074 602 aterni
1192 549 1195 558 ·

81 639 242 725 abripuit,
258 651 352 724 atque
369 640 399 704 in
414 639 509 706 altum
527 653 732 725 aconspectu
749 643 839 726 p'oeoe
850 638 991 705 omnium
1004 639 1073 704 aba·

97 745 197 810 trusit.
241 743 376 809 Omnem
403 745 486 809 enim
504 765 604 809 rerum
621 745 784 810 scientiam
799 743 990 831 complexus,
1008 761 1073 808 oon

97 861 131 915 tu
145 849 271 933 quidem
298 869 369 914 eam
395 849 484 914 nobis
506 849 669 926 tradidisti,
695 849 909 934 (nequeenim
926 847 983 914 suit
1006 860 1073 913 tam

96 953 199 1038 exigui
215 953 395 1038 temperies)
418 954 483 1030 sed,
500 954 582 1038 apud
600 953 655 1017 hos
666 953 740 1038 quid
758 953 935 1039 proieceris,
951 951 1074 1028 nescios

98 1077 148 1121 me
174 1057 298 1140 quidem
316 1057 346 1120 in
373 1057 582 1122 Academiam
602 1069 701 1121 totum
728 1056 915 1143 compulisti.
959 1056 995 1122 lo
1011 1054 1073 1139 qud

97 1161 187 1225 velim
203 1153 341 1238 sit'illud,
367 1161 450 1244 quod
466 1163 550 1245 saepe
578 1159 715 1244 posuisti,
741 1173 853 1226 utnon
879 1183 1008 1228 neccsse
1033 1159 1073 1226 sil

96 1285 280 1332 consumere
296 1276 434 1342 aetatem,
449 1276 543 1346 atquc
559 1274 591 1327 ut
604 1265 699 1349 possit
714 1264 739 1328 is
755 1264 805 1330 illa
818 1265 923 1330 omnia
933 1285 1072 1344 cernere,

95 1371 150 1455 qui
166 1371 386 1462 tantummodo
402 1369 595 1454 adspexerit:
617 1370 671 1434 sed
698 1369 792 1434 etiam
809 1369 833 1432 si
849 1380 896 1434 est
911 1369 1071 1454 aliquantd

97 1475 232 1560 spissida,
247 1485 300 1539 aut
315 1471 340 1539 si
355 1495 416 1559 ego
431 1494 498 1537 sum
516 1473 641 1550 tardior,
665 1473 807 1558 profecto
822 1493 982 1556 nunquam
997 1493 1072 1537 corr·

97 1578 269 1669 quiescam,
292 1599 394 1662 neque
421 1576 619 1662 defatigabor
634 1579 718 1648 antis.
744 1579 837 1662 quem
852 1576 974 1642 illorum
989 1576 1073 1642 anci·

97 1683 177 1770 pites
192 1684 257 1748 uias
272 1683 480 1764 rationesque,
495 1691 527 1746 et
542 1702 598 1768 pro
614 1681 768 1760 omnibus,
783 1695 815 1748 et
829 1691 941 1748 contra
954 1679 1071 1759 omnia,

63 1821 70 1832 ·
97 1785 277 1873 disputandi
295 1807 476 1872 percepero.

139 1891 224 1956 Tum
240 1891 356 1968 Caesar,
371 1890 488 1968 Unum,
503 1891 612 1974 inquit,
634 1911 684 1956 me
697 1911 735 1956 ex
751 1903 804 1956 tuo
816 1905 964 1957 sermone·
976 1891 1072 1956 maxi·

98 1998 159 2074 md,
174 1995 297 2073 Crasse,
321 1994 503 2071 commorit,
517 1995 603 2078 qudd
618 2016 689 2059 eum
706 1994 837 2080 negasti,
852 1995 904 2079 qui
927 2015 990 2060 noa
1005 1995 1070 2060 citd

96 2099 172 2182 quid
187 2099 354 2176 didicisset,
379 2119 517 2180 unquam
543 2097 672 2162 omnino
698 2119 791 2182 posse
815 2097 1008 2183 perdiscere;
1035 2107 1071 2164 ut

75 2213 78 2222 ’
97 2201 251 2268 mihimon
274 2201 312 2266 rit
326 2201 453 2266 difficile
475 2201 651 2286 periclitari,
673 2213 706 2266 et
720 2213 774 2266 aut
789 2201 892 2266 stetim
910 2201 1070 2287 percipere
1119 2271 1122 2280 ,

97 2306 167 2382 ista,
188 2325 258 2389 quae
273 2317 306 2370 tu
321 2306 421 2370 verbis
447 2291 492 2370 ad'
504 2305 618 2370 coelum
634 2305 784 2382 extulistis
807 2315 872 2384 aut,
896 2304 921 2370 si
937 2325 999 2370 non
1016 2327 1072 2390 po·

96 2409 219 2488 tuerim,
238 2423 360 2495 tempus
376 2431 438 2474 non
455 2409 595 2494 perdere,
610 2413 682 2474 edm
695 2423 801 2476 tamen
818 2410 863 2476 his
879 2409 990 2476 nostris
1003 2431 1072 2495 pos·

95 2514 155 2580 sim
179 2536 246 2582 esse
261 2525 437 2580 contentus.
481 2513 544 2579 Hic
568 2513 827 2599 Sulpicius,'Ego
853 2516 937 2593 vere,
961 2513 1071 2600 inquit,

12 2629 14 2638 ’
96 2620 348 2702 crescensque
375 2617 573 2684 Aristotelem
600 2619 703 2696 istum,
733 2641 835 2704 neque
861 2619 1070 2706 Carpeedem,

96 2743 158 2789 nec
185 2723 437 2808 philosophorum
462 2743 642 2806 quenquam
668 2724 829 2788 desidero:
853 2723 900 2788 vel
927 2743 977 2786 me
997 2721 1072 2786 licat

94 2827 252 2893 existimes
266 2827 434 2911 desperare
449 2826 507 2890 istu
524 2847 614 2911 posse
630 2828 816 2910 perdiscere,
841 2826 900 2902 vel,
926 2825 971 2908 (id
986 2823 1071 2907 quod

94 2932 203 3016 facim)
220 2945 431 2997 contemnere.
476 2931 554 2996 Mihi
569 2951 670 2996 rerum
695 2930 861 2996 sorensium
886 2941 919 2996 et
932 2947 1073 2994 commu·

94 3037 182 3102 nium
206 3036 339 3121 vulgaris
366 3037 434 3100 lraec
460 3035 600 3120 cognitio
615 3035 691 3100 satis
718 3055 835 3120 magna
861 3044 908 3100 est
933 3035 1072 3111 adeant,

92 3161 191 3224 quam
207 3152 328 3225 specto,
340 3141 551 3224 eloquentiam
565 3165 574 3216 3
595 3161 632 3203 ex
645 3141 707 3224 qud
720 3139 785 3224 ipsd
800 3157 905 3206 tamen
919 3137 1074 3224 permulto

92 3245 223 3322 nesci03
245 3267 315 3329 quae
332 3257 398 3309 tum
410 3245 555 3329 denique,
571 3247 642 3308 curn
660 3265 756 3308 causo
773 3244 885 3326 aliqua,
905 3263 976 3326 quae
992 3263 1074 3310 ame

90 3349 232 3414 dicenda
247 3361 305 3426 est,
328 3349 495 3426 desiderat,
511 3369 628 3434 quaero.
672 3348 903 3424 Quamobrem,
924 3346 979 3410 nisi
995 3346 1075 3416 sorte

89 3475 128 3520 es
137 3454 205 3539 jam
216 3453 366 3530 defessus,
380 3466 412 3517 et
426 3454 452 3517 si
467 3453 522 3518 tibi
535 3475 597 3518 non
614 3473 726 3538 graves
741 3473 857 3529 sumus,
872 3450 951 3516 refer
967 3451 1006 3516 ad
1022 3450 1075 3516 illa

89 3571 137 3635 te,
150 3577 221 3638 quae
236 3558 276 3622 ad
292 3557 386 3642 ipsius
401 3557 551 3622 orationis
562 3558 689 3622 laudern
704 3555 967 3643 splendoremque
983 3553 1085 3640 pertin

89 3675 193 3744 nenti
214 3683 284 3745 quae
296 3683 358 3748 ego
368 3681 406 3726 ex
422 3672 452 3726 te
465 3662 572 3726 audire
586 3661 678 3739 volui,
688 3683 751 3726 non
764 3673 798 3726 ut
809 3662 1009 3746 desperarem
1022 3675 1075 3722 ms

86 3765 308 3870 elaqueatum
325 3766 474 3864 eoqsequi
491 3787 593 3860 posse,
618 3769 673 3832 sed
689 3777 723 3832 ut
739 3766 854 3852 aliquid
871 3763 1074 3832 addiscerem.

1103 3914 1118 3952 1
