2400 3980
133 117 174 174 34
243 103 247 108 ’
389 125 600 172 unoneronn
623 123 918 168 transeamus·

137 315 140 322 ι
173 274 327 340 XXVIII.
350 273 430 338 Illud
446 275 531 348 verb,
547 273 631 354 quod
649 293 668 334 a
683 281 715 334 ta
731 269 852 334 dietum
874 278 933 345 est,
959 287 1029 332 esee
1056 285 1130 348 per·

131 379 241 453 multa,
255 395 327 458 quae
342 387 448 440 orator
472 375 530 438 nisi
546 397 565 438 a
580 373 693 438 naturis
708 373 851 448 baberet,
860 393 939 470 ⁸non
955 369 1090 432 multbm
1107 389 1130 430 a

89 553 91 558 ,
131 480 282 564 magistro
299 479 508 562 adjuvaretur,
523 477 615 540 valde
630 475 688 540 tibi
703 474 879 550 assentior,
901 473 996 554 inque
1023 493 1064 535 eo
1076 469 1130 537 vel

132 581 269 646 maxime
283 581 415 664 probavi
430 599 587 642 summum
614 577 707 696 illpm
727 577 905 669 doctorem,
922 573 1132 639 Alabanden·
1185 585 1186 608 ³

131 705 198 750 sem
215 683 429 768 Apollonium,
445 681 508 763 qui,
524 641 920 758 offlderpl'de'bbfieret,
935 689 1044 742 tamen
1061 697 1131 738 non

95 812 98 819 ·
130 787 310 870 patiebatur
336 806 402 860 eos,
417 805 495 864 quos
506 782 673 867 judicabat
700 801 764 844 non
781 801 874 864 posse
890 792 1034 870 oratores
1054 799 1132 846 eve·

130 889 216 964 dere,
243 906 376 969 operam
392 887 476 968 apud
493 906 562 949 sese
578 885 723 968 perdere,
747 882 1013 963 dimittebatque:
1035 891 1068 944 et
1085 881 1130 944 ed
1185 891 1186 898 ’

130 1007 228 1071 quem
254 1009 411 1068 quemque
442 999 544 1050 artem
574 987 708 1070 putabat
737 1008 807 1051 esse
837 997 959 1070 aptum,
989 985 1028 1048 ed
1052 1004 1131 1048 eam

65 1122 67 1124 ·
129 1091 291 1174 impellere
307 1105 402 1171 atque
419 1090 537 1154 hortari
552 1090 686 1154 solebat.
732 1089 819 1153 Satis
841 1100 888 1154 est
904 1088 990 1153 enim
1002 1087 1131 1152 caeteris

130 1193 270 1258 artificiis
286 1192 506 1276 percipiendis,
525 1193 748 1258 tantummodo
774 1191 908 1256 similem
931 1213 1000 1254 esse
1027 1190 1130 1254 homi-

130 1297 178 1360 nis
189 1321 197 1372 ς
212 1308 244 1360 et
256 1296 298 1372 id,
310 1297 395 1378 quod
406 1297 558 1372 tradatur,
568 1296 616 1359 vel
627 1295 725 1359 etiam
734 1295 919 1370 inculcetur,
932 1295 958 1358 si
967 1293 1035 1375 quis
1045 1293 1130 1360 Iortb

130 1400 170 1462 eit
181 1399 310 1475 tardior,
326 1419 418 1481 posse
435 1398 598 1482 percipere
614 1399 732 1476 animo,
742 1411 776 1464 et
790 1397 943 1462 memorie
955 1395 1129 1461 custodire.

131 1503 162 1567 N
165 1525 206 1567 on
222 1503 370 1593 queritur
386 1503 545 1568 mobilitas
560 1503 687 1586 linguae,
702 1523 766 1566 non
791 1497 937 1566 celeritas
946 1501 1131 1576 verborum,

131 1627 196 1668 non
211 1604 348 1684 denique
369 1626 419 1680 ea,
430 1625 502 1685 quae
514 1604 605 1668 nobis
618 1627 681 1668 non
695 1624 860 1688 possumus
872 1603 1003 1686 lingere,
1016 1601 1130 1678 facies,

130 1706 243 1781 vultus,
258 1722 362 1770 sonus.
407 1707 443 1768 In
461 1719 586 1770 oratore
603 1717 710 1770 autem
726 1704 861 1770 acumen
874 1704 1130 1779 dialecticorum,

130 1795 297 1872 sententiae
312 1808 581 1892 pbilosophorum,
594 1809 690 1874 verba
703 1812 802 1892 prope
813 1813 990 1897 politorum,
1006 1825 1130 1871 memo-

131 1910 177 1974 ria
188 1909 491 1994 jurisconsultorum,
505 1933 565 1976 vox
578 1913 805 1996 tragoedorum,
816 1922 924 1995 gestus
936 1931 1029 1994 paene
1045 1929 1129 1972 eum·

131 2033 255 2076 morum
270 2023 414 2077 actorum
430 2024 478 2077 eet
502 2013 716 2095 requirendus.
762 2013 985 2084 Quamobrem
1001 2011 1078 2076 nibil
1095 2013 1128 2076 in

130 2115 295 2178 bominum
310 2137 427 2199 genere
443 2115 541 2180 mritis
556 2115 699 2200 perfeeto
715 2125 842 2181 oratore
853 2115 985 2180 inveniri
1000 2125 1128 2199 potest:

130 2240 212 2301 quae,
227 2220 313 2284 enim
338 2219 531 2302 sieguIarum
555 2239 658 2283 rerum
674 2218 810 2284 artifices
825 2217 949 2308 singula
965 2217 991 2280 si
1006 2217 1129 2280 medio·
1150 2265 1155 2270 -

130 2322 224 2386 criter
240 2323 349 2404 adepti
364 2333 446 2396 sunt,
462 2323 646 2404 probantur,
661 2307 779 2400 ea,‘nisi
793 2323 902 2385 omnia
913 2339 1038 2384 summa
1051 2331 1128 2384 sunt

130 2425 161 2486 in
177 2435 314 2499 oratore,
330 2422 457 2506 probari
473 2443 535 2486 non
560 2435 700 2505 possunt.
779 2434 781 2438 ’
1070 2415 1073 2422 ’

173 2525 258 2588 Tum
274 2525 416 2600 Crassus,
432 2525 528 2605 Atqui
543 2525 625 2602 vide,
640 2525 750 2607 inquit,
766 2526 797 2615 in
819 2525 954 2590 artifieio
970 2547 1128 2610 perquam

131 2628 216 2693 tenui
227 2639 258 2692 et
274 2627 344 2704 levi,
360 2628 480 2708 quanto
496 2629 564 2711 plus
581 2629 770 2694 adhibentur
785 2629 969 2713 diligentiae,
985 2631 1081 2711 quem
1094 2630 1126 2694 in

130 2731 192 2794 Irae
207 2753 251 2807 re,
267 2749 363 2811 quem
374 2743 501 2797 constat
514 2753 588 2823 esse¹
598 2732 780 2796 maximam.
826 2733 921 2815 sepe
934 2732 1020 2796 enim
1035 2732 1127 2798 soleo

130 2833 241 2898 audire
252 2834 416 2911 Roscium,
427 2839 502 2898 oiim
516 2833 561 2898 ita
576 2836 673 2912 dieat,
699 2857 733 2899 se
760 2835 865 2899 adhue
881 2835 1017 2918 reperire
1034 2834 1128 2900 disci·

130 2937 248 3020 pulum,
273 2957 368 3018 quem
383 2937 511 3017 quidem
527 2938 688 3021 probaret,
703 2936 842 3020 potuisse
855 2937 1035 3004 neminem:
1059 2959 1125 3002 non

129 3041 192 3121 quo
208 3061 271 3103 non
288 3050 394 3103 essent
420 3039 549 3121 quidam
575 3041 768 3125 probabiles,
791 3042 846 3104 sed
863 3039 948 3122 quia,
964 3039 989 3103 si
1005 3040 1125 3122 aliquid

128 3143 224 3205 modo
240 3153 323 3206 esset
338 3142 413 3218 vitii,
428 3142 458 3204 id
470 3141 549 3208 ferre
562 3145 629 3227 ipse
640 3165 703 3208 non
715 3155 832 3228 posset.
877 3143 963 3206 Nihil
977 3155 1026 3213 est
1038 3144 1124 3208 enim

128 3256 195 3308 tam
210 3245 344 3329 insigne,
354 3267 415 3308 nec
432 3257 498 3308 tam
511 3247 550 3310 ad
564 3247 804 3311 diuturnitatem
819 3245 982 3310 memoriae
998 3247 1124 3324 stabile,

128 3351 223 3429 quarn
238 3348 281 3424 id,
296 3348 403 3431 inquo
428 3348 543 3430 aliquid
561 3349 743 3414 offenderis.
790 3349 904 3429 Itaque
919 3360 963 3424 ut,
980 3348 1124 3441 addbapo
1162 3425 1163 3432 ἵ
1185 3395 1186 3398 ,

126 3449 360 3540 similitudinem
387 3451 476 3535 hujus
492 3451 660 3528 histrionis,
675 3451 848 3515 oratoriam
863 3451 993 3525 laudem
1008 3434 1139 3536 (briga-¹

126 3573 205 3630 mus,
220 3553 384 3631 videtisne,
400 3556 494 3634 quam
510 3553 584 3618 nibil
601 3553 642 3618 ab
658 3575 708 3630 eo,
728 3551 787 3618 nisi
804 3553 955 3636 perfecte,
971 3552 1047 3618 nibil
1064 3555 1123 3618 nisi

125 3677 199 3720 oum
213 3657 335 3722 summb
351 3644 517 3722 venustate
543 3657 624 3722 fiatt
647 3656 722 3722 nihil
749 3655 807 3722 nisi
823 3655 878 3734 ita,
893 3669 927 3721 ut
942 3657 1074 3736 deoeat,
1090 3670 1122 3722 et
