2466 3966
162 134 218 189 144
377 145 419 187 ns
442 142 590 188 onauons
614 143 710 186 ursus
732 142 909 187 sccundus.

158 291 372 376 Sempronius,
386 313 459 358 cum
468 291 513 358 M.
530 314 587 357 suo
597 291 701 368 fratre,
716 291 897 376 complexus
906 303 1005 359 esset:
1028 291 1128 369 Puer,
1226 273 1227 286 ἵ

156 395 406 480 obigernuscos?
430 397 540 462 Risum
560 396 708 478 quesivit,
728 398 779 478 qui
793 411 851 473 est,
867 395 937 460 mesi
961 397 1127 474 sententio,
1226 459 1227 482 1

156 500 204 566 vel
220 502 415 566 tenuissimus
431 499 546 586 ingenii
561 499 685 565 sructus.
730 501 870 584 Tempus
884 501 976 585 igitur
990 499 1125 578 dicendi,
1226 497 1227 520 ¹

155 606 318 690 prudentiis
339 619 370 671 et
394 605 548 691 gravitate
576 605 825 668 moderabimur:
848 603 978 686 quarum
1004 605 1123 668 utinam
1185 654 1191 667 .

155 723 255 776 artem
267 710 403 792 aliquam
418 709 619 773 haberemus!
643 709 697 773 sed
714 709 842 773 domina
857 721 969 773 natura
983 719 1040 774 est.
1196 716 1204 722 ”
1226 741 1227 748 1

196 815 280 880 LXI.
303 815 398 877 Nunc
418 833 612 896 exponamus
627 833 744 896 genera
759 813 826 896 ipsa
841 814 1030 890 summatim,
1054 833 1125 894 quae

153 920 246 983 risum
263 917 567 982 maximbmoveant.
612 915 692 980 Haec
708 915 799 1001 igitur
814 916 852 980 sit
867 917 967 1000 prima
988 917 1124 1002 partitio,
1225 993 1227 1006 ι

152 1023 236 1104 quod
249 1021 350 1084 facete
366 1021 497 1097 dicatur,
512 1019 543 1084 id
559 1020 633 1084 alids
648 1022 678 1084 in
694 1043 726 1084 re
741 1020 858 1098 haberi,
874 1021 949 1086 alids
964 1023 994 1086 in
1007 1021 1123 1090 uerbo:
1225 1013 1227 1154 p

152 1125 272 1190 facetiis
287 1137 392 1190 autem
409 1125 542 1190 maxime
558 1124 699 1190 homines
724 1125 884 1203 delectari,
905 1127 929 1190 si
945 1128 1072 1210 quando
1086 1129 1123 1192 ri·
1226 1159 1227 1228 ἦ

151 1251 202 1294 sus
217 1230 393 1314 conjuncte,
419 1251 452 1295 re
475 1229 642 1312 verboque,
668 1240 840 1294 moventur.
884 1231 947 1295 Sed
973 1232 1035 1296 hoe
1060 1251 1122 1298 me·
1223 1249 1227 1295 l

152 1346 302 1410 mentote‚
328 1353 530 1417 quoscunque
545 1333 631 1398 locos
648 1335 812 1418 attingam,
826 1335 910 1399 unde
925 1334 1053 1400 ridicula
1067 1336 1121 1399 du·
1226 1323 1227 1326 ¹

150 1453 273 1518 cantur,¹
286 1461 324 1504 ex
336 1440 444 1502 iisdem
457 1437 532 1502 locis
547 1437 609 1502 fere
619 1437 714 1503 etiam
727 1460 838 1523 graves
850 1439 1019 1504 sententias
1029 1459 1120 1524 posse

149 1545 241 1609 duci:
264 1533 644 1625 rantum‘inreresuqubd
659 1544 795 1625 gravitas
820 1543 958 1608 honestis
983 1543 1014 1606 in
1029 1543 1120 1608 rebus

149 1649 265 1722 severe,
287 1648 377 1730 jocus
393 1646 422 1707 in
438 1645 595 1729 turpiculis
610 1656 641 1708 et
656 1645 745 1726 quasi
762 1645 951 1710 deformibus
976 1647 1120 1731 ponitur:

148 1750 276 1814 velutin
292 1750 400 1812 iisdem
417 1748 515 1812 verbis
530 1759 562 1810 et
573 1747 700 1811 laudare
715 1747 793 1830 frugi
802 1767 927 1811 servum
944 1771 1119 1832 possumus,

77 1900 80 1908 .
148 1868 191 1929 et,
205 1854 229 1916 si
244 1862 291 1916 est
307 1872 452 1933 nequam,
463 1850 573 1935 jocari.
616 1850 794 1914 Ridiculum
809 1861 855 1914 est
870 1849 943 1915 illud
964 1853 1119 1938 Neronia·
1221 1823 1227 1872 ‘i

148 1934 227 2022 nuni·
237 1969 325 2022 vetus
340 1957 370 2020 in
386 1955 494 2020 furaee
509 1976 608 2032 servo,
624 1955 818 2032 doloremne,
829 1956 880 2020 cui
892 1957 974 2021 dorni
984 1957 1063 2020 nibil
1076 1960 1117 2022 rit
1226 2011 1227 2040 p

146 2083 203 2126 nec
215 2061 420 2146 obsignatum,
434 2081 490 2126 nec
504 2059 674 2130 occlusum:
697 2061 780 2142 quod
793 2062 874 2126 idem
888 2061 1015 2127 inbono
1027 2084 1117 2126 servo
1226 2083 1227 2096 ¹

146 2167 209 2232 dici
222 2165 301 2230 solet
314 2191 322 2242 ς
343 2167 398 2230 sed
411 2167 472 2230 hoe
487 2165 595 2230 iisdem
611 2164 705 2229 etiarn
721 2164 831 2229 verbis.
876 2167 923 2230 Ex
938 2167 1048 2232 iisdem
1063 2189 1116 2231 au·
1218 2153 1227 2224 Ϊ

146 2269 301 2336 temiocis
328 2267 637 2334 omniu-nascuntur.
681 2270 766 2333 Nam
792 2271 875 2351 quod
902 2272 956 2356 Sp.
980 2273 1115 2337 Carvilio

145 2374 279 2458 graviter
294 2372 484 2436 claudicanti
496 2393 532 2436 ex
542 2372 666 2436 vulnere
679 2373 720 2437 ob
731 2375 956 2458 rempublicam
969 2390 1115 2459 accepte,

144 2487 176 2542 et
191 2476 232 2540 ob
259 2497 329 2540 eam
346 2493 475 2538 causum
499 2476 721 2538 verecundanti
740 2477 769 2540 in
797 2477 955 2561 publicum
980 2481 1114 2563 prodire,

143 2592 244 2646 mater
259 2580 344 2655 dixit,
363 2577 446 2652 Quin
453 2577 574 2662 prodis,
588 2578 629 2640 mi
643 2579 741 2663 Spuri
750 2580 766 2641 ‚⁹
788 2581 1025 2668 quotiescunque
1036 2605 1113 2668 gra-

142 2685 213 2750 dum
219 2683 338 2772 facies,
352 2683 441 2747 toties
462 2682 517 2746 tibi
530 2697 652 2748 tuarum
666 2683 809 2747 uirtutum
819 2686 922 2750 ueniat
933 2687 965 2750 in
975 2701 1113 2768 mentem,

48 2821 50 2826 ·
142 2791 326 2878 praeclarum
341 2801 372 2854 et
397 2781 491 2872 grave
506 2799 570 2852 est:
593 2789 675 2871 quod
703 2789 833 2852 Calvino
848 2789 981 2854 Glaucia
996 2791 1113 2856 claudi·

141 2897 238 2971 canti,
258 2893 318 2957 Ubi
332 2906 477 2958 estractus
492 2893 596 2958 illud?
617 2917 688 2957 num
702 2893 886 2958 doudima?
907 2907 940 2958 ot
955 2895 1112 2972 discludi·
1153 2971 1155 2976 ,
1225 2951 1227 2968 ,

140 3013 202 3076 car,
224 2997 384 3061 ridiculum
400 3010 465 3062 est:
487 3009 519 3062 et
544 3009 707 3080 utrumque
722 3020 759 3064 ex
775 3019 824 3077 eo,
849 3001 931 3081 quod
948 2999 978 3064 in
994 3001 1111 3074 claudi·

139 3104 266 3169 catione
280 3102 482 3170 animadverti
498 3104 608 3186 potuit,
622 3115 669 3166 est
683 3104 823 3168 ductum.
869 3103 954 3177 Quid
964 3107 1021 3169 lroc
1034 3103 1110 3178 Nm·
1224 3147 1227 3182 4

138 3210 188 3272 vio
198 3205 345 3291 ignavius
355 3210 371 3266 ?
393 3209 497 3270 sevord
514 3207 639 3289 Scipio:
662 3217 695 3270 at
709 3206 740 3270 in
752 3206 834 3271 male
850 3209 996 3294 olentem,
1016 3209 1120 3276 Video·

70 3301 75 3314 ’
137 3327 184 3377 me
198 3333 219 3374 a
234 3323 263 3374 te
274 3309 497 3387 circumueniri,
522 3309 707 3374 subridicule
723 3310 891 3396 Philippus.
936 3314 978 3379 At
993 3327 1108 3380 utrum·

136 3435 198 3499 que
213 3435 311 3500 genus
326 3415 466 3478 continet
480 3414 564 3477 verbi
580 3415 619 3478 ed
631 3407 918 3482 literum'immutaiti
929 3409 1105 3485 similitudo

138 3520 186 3586 Ex
210 3518 361 3601 ambiguo
385 3519 471 3582 dicta
495 3517 543 3581 vel
559 3518 754 3602 argutissima
779 3534 946 3606 putantum
970 3523 1104 3588 sednon

135 3643 259 3710 semper
269 3622 299 3687 in
305 3623 391 3706 joco,
405 3623 488 3704 saepe
498 3622 592 3696 etiarn
605 3620 636 3686 in
648 3626 801 3708 grauitate
816 3639 983 3694 versantur.
1027 3625 1105 3692 Afri·

1220 3727 1227 3768 Α

1219 3791 1227 3924 r
