2458 3972
163 99 220 162 rat
362 168 368 182 ,
393 117 435 162 nr
458 105 722 162 ornrortnrnrr·
741 82 891 162 martir.
959 144 962 152 .

159 261 453 341 terraemotum
468 263 589 329 sammh
603 263 753 340 monitate
764 263 857 330 raeci
866 284 905 330 ac
915 260 1127 351 iiheritempo·

159 369 208 446 ria,
224 369 320 434 multo
337 369 435 454 plura,
449 371 541 452 quam
554 379 621 434 erat
636 387 775 444 necesse,
790 367 961 435 doetirsimi
977 369 1124 448 hominen,
1203 433 1206 440 .

159 475 223 537 otio
236 473 330 538 nimio
353 485 385 538 et
396 473 527 558 ingeniis
542 471 703 536 uberrimis
717 471 892 550 affluenter,
912 473 1053 538 curanda
1071 475 1124 540 ribi

161 597 239 655 esre,
268 597 307 641 ac
331 578 499 658 quaerenda
525 589 557 640 et
584 575 813 659 investiganda,
837 576 1001 644 duxerunt.
1045 577 1124 642 Nam
1209 605 1210 648 t

158 692 244 746 retus
259 681 385 764 quidem
401 680 452 744 iila
475 677 618 743 doctrina
634 679 748 743 eadem
763 680 884 744 videtur
898 692 931 745 et
945 684 1031 746 recte
1056 681 1136 746 iaci-¹
1209 747 1210 750 ,

157 785 271 849 eodiet
284 785 364 848 bene
375 783 499 846 dicendi
510 781 678 866 magistrer
706 803 808 864 neque
818 783 961 868 disjuncti
974 785 1124 860 doctores,
1210 828 1211 876 ,

157 889 212 952 sed
228 888 320 952 iidem
338 898 427 951 erant
452 886 573 950 vivendi
588 895 799 970 praeceptores
814 897 909 968 atquc
924 887 1070 964 dicendi3
1093 899 1125 952 ut
1210 881 1211 900 ¹

156 993 204 1055 iiie
215 992 298 1074 apud
310 989 483 1053 Homerum
499 989 639 1066 Phoenix,
654 989 759 1071 quise,
773 1011 792 1052 a
806 989 901 1054 Peleo
911 1002 1010 1074 patre,
1025 991 1125 1056 Achil·

155 1095 175 1158 ii
186 1094 293 1178 juveni
308 1093 456 1157 comitem
476 1113 545 1157 esre
565 1093 673 1158 datum
690 1091 766 1156 dicit
790 1092 831 1156 ad
844 1093 971 1170 beilum,
986 1104 1020 1158 ut
1043 1093 1122 1160 iilum

156 1197 295 1263 efficeret
305 1209 457 1262 oratorem
466 1195 635 1273 verborum,
644 1209 838 1280 actoremque
849 1217 961 1260 rerum.
1004 1197 1080 1273 Sed,
1091 1210 1123 1263 ut
1210 1257 1212 1264 ,

154 1302 306 1378 homines,
321 1299 428 1365 labore
444 1301 568 1363 assiduo
580 1311 612 1364 et
623 1301 806 1381 quotidiano
821 1299 946 1377 assueti,
960 1302 1033 1364 chm
1049 1293 1124 1366 tem·

153 1406 282 1492 pestatis
297 1387 393 1470 carisi
407 1425 501 1488 opere
517 1404 729 1488 prohibentur,
741 1405 781 1467 ad
798 1403 892 1486 pilam
903 1425 947 1480 se,
960 1417 1015 1468 aut
1028 1407 1067 1470 ad
1080 1417 1124 1472 ta·

153 1511 211 1588 los,
223 1519 277 1573 aut
293 1510 332 1573 ad
346 1520 481 1572 tesseras
503 1501 677 1584 conferunt,
692 1520 746 1571 ant
761 1507 855 1572 etiam
871 1527 991 1570 novum·
1001 1507 1059 1575 sibi
1069 1510 1124 1593 ipsi
1154 1591 1156 1596 Ι

155 1615 289 1695 aliquem
312 1612 493 1694 excogitant
517 1611 548 1672 in
572 1611 637 1674 otio
662 1610 788 1686 ludum,
810 1610 855 1674 sic
880 1610 931 1688 iiii,
957 1613 1124 1696 anegotiis

153 1717 284 1802 publicis
301 1717 465 1798 (tanquam
479 1713 519 1776 ab
531 1717 641 1798 opere)
662 1726 716 1776 aut
728 1713 919 1796 temporibus
930 1715 1056 1791 exclusi,
1071 1727 1125 1780 aut

153 1821 312 1885 voluntate
323 1802 493 1892 steterim,
504 1826 587 1880 totos
598 1837 632 1880 ae
644 1815 695 1880 aiii
706 1817 745 1880 ad
759 1821 879 1901 poetae,
889 1817 986 1882 aliiad
998 1798 1125 1902 &come

152 1935 225 2002 tras,
251 1923 300 1988 aiii
323 1922 362 1986 ad
379 1921 512 1984 musicos
527 1919 743 1996 contulerunt,
765 1921 815 1984 alii
830 1921 937 1996 etiam,
962 1931 996 1986 ut
1010 1921 1124 1988 dialec·
1213 1986 1214 2010 ζ

68 2071 75 2078 -
152 2029 215 2106 tici,
240 2047 353 2091 novum
370 2025 426 2088 sibi
449 2024 506 2109 ipsi
522 2024 657 2087 studium
682 2023 850 2106 ludumque
865 2029 1063 2108 pepererunt,
1079 2037 1125 2090 at·
1213 2011 1214 2016 ἵ

153 2153 213 2216 que
227 2132 258 2195 in
269 2131 304 2194 iis
320 2129 446 2204 artibus,
457 2148 527 2209 quae
542 2137 672 2210 repertm
686 2137 810 2203 suntet
826 2147 989 2211 puerorum
1002 2141 1124 2194 mentes
1213 2135 1214 2164 ³

153 2239 193 2303 ad
209 2235 434 2299 humanitatem
460 2224 650 2315 fingerentur
665 2240 759 2311 atque
773 2230 926 2312 virtutem,
938 2251 1032 2296 omne
1043 2242 1124 2296 tem·
1146 2299 1154 2308 ,

152 2361 209 2424 pus
225 2350 318 2420 atque
334 2346 442 2399 aetatea
457 2355 528 2396 suas
544 2343 789 2408 consumserunt.

193 2441 277 2506 XVI.
302 2439 377 2514 Sed,
388 2437 472 2519 quod
487 2447 576 2500 erant
601 2437 740 2516 quidam,
754 2437 835 2520 iique
848 2437 946 2515 multi,
956 2438 1007 2520 qui
1021 2449 1075 2502 aut
1090 2439 1124 2504 in

151 2543 309 2632 republicai
324 2553 449 2626 propter
461 2539 640 2623 ancipitem,
650 2561 718 2622 qum
730 2561 792 2604 non
806 2553 910 2624 potest
924 2563 991 2605 esee
1001 2542 1126 2626 sejunc-

152 2621 1126 2727 ra,faciendidicendiquasaptentramflorerent,ut'Tnemia·

151 2731 260 2830 tocies,
275 2762 308 2814 ut
334 2747 477 2832 Pericles,
503 2760 536 2811 ut
552 2746 776 2824 Theramenes,
797 2758 861 2824 aut,
875 2749 926 2829 qui
947 2749 1048 2813 minhs
1061 2750 1125 2834 ipsi

154 2858 185 2921 in
201 2853 358 2940 republioh
368 2861 572 2932 versarentur,
587 2853 641 2915 red
657 2851 744 2937 hujus
756 2862 862 2916 tamen
878 2837 1015 2935 ejuedem
1039 2854 1125 2946 sapi·

153 2961 245 3026 entiae
257 2959 399 3021 doctores·
409 2963 521 3031 essent,
530 2965 563 3018 ut
575 2953 719 3040 Gorgia,
728 2955 989 3039 Thrasymachus,
999 2955 1125 3022 Isocra·

63 3065 66 3074 ’
153 3077 220 3140 tes3
241 3060 354 3125 inventi
364 3070 444 3135 sunt,
455 3059 518 3141 qui,
533 3061 605 3122 crim
614 3059 671 3142 ipai
681 3049 821 3126 doctrine
832 3058 1008 3144 ettingeniis
1021 3059 1124 3126 abun*

154 3169 274 3241 darent,
286 3185 305 3227 a
319 3183 352 3226 re
368 3175 473 3226 autem
487 3162 566 3226 civili
580 3174 612 3227 et
625 3161 797 3248 anegotiis,
812 3147 907 3256 animi
922 3164 1059 3244 quodam
1070 3165 1125 3249 ju·

152 3272 247 3347 dicio,
259 3269 468 3344 abhorrerent,
483 3266 565 3330 hanc
576 3265 699 3330 dicendi
710 3265 969 3332 exercitationem=
979 3269 1125 3351 exagita-

153 3387 223 3441 rent
248 3382 344 3455 atqne
366 3378 620 3444 contemnerent,
643 3387 772 3450 quorum
797 3369 940 3454 princeps
966 3355 1123 3438 Socrates

153 3479 219 3555 fuit,
230 3478 265 3554 is,
276 3475 337 3559 qui,
352 3474 488 3538 omnium
504 3471 691 3536 eruditorum
701 3474 887 3558 testimonio,
902 3474 1061 3558 totiurqua
1067 3477 1124 3562 ju-

155 3581 237 3648 dicic
248 3577 388 3653 Graeeiae,
401 3577 473 3640 onim
488 3571 658 3659 prudentii,
672 3585 705 3642 at
715 3576 870 3654 neemiae,
893 3587 926 3642 et
939 3589 1122 3660 venustate,
