2466 3966
331 63 373 105 on
396 61 546 106 onerose
570 61 667 104 areas
690 61 868 106 secaneos.
954 126 956 134 Α
991 31 997 54 ’
1028 45 1083 103 151

120 209 196 276 libus
216 193 278 275 s'dis
300 179 482 276 Africanum
505 211 588 274 lrunc
611 209 812 276 AEmilianum
834 207 909 275 dicit
931 191 1033 286 fuisse,
1056 219 1088 272 et

121 334 190 380 eum
212 315 325 381 Graeco
340 315 436 380 verbo
459 313 598 398 appellet
619 321 727 398 ripere:
750 315 816 393 sed,
835 315 882 379 uti
903 313 1015 390 ferunt,
1036 313 1089 396 qui
1160 313 1167 333 ⁸

121 419 226 484 melitis
241 420 309 484 haec
324 417 447 495 norunt,
467 419 631 483 Socratem
648 419 758 503 opinor
773 420 804 483 in
819 420 879 483 hac
894 419 991 484 ironia
1005 419 1090 482 dissi·

122 523 331 605 mulantiaqoe
345 523 440 607 longe
453 522 560 607 lepore
572 534 603 586 et
615 523 809 588 humanitate
821 523 964 588 omnibus
975 522 1091 608 praesti-
1150 571 1152 578 i

121 628 201 692 tissa.
246 625 353 692 Genus
368 638 416 691 est
430 626 624 710 perelegans,
646 638 678 691 et
700 649 771 692 cum
794 629 946 712 gravitate
965 625 1090 715 salsum,
1160 698 1164 716 α

59 780 61 792 .
122 735 256 812 cirmque
278 730 418 795 oratoriis
440 730 637 808 dictionibus,
661 743 728 797 tum
751 733 876 797 urbanis
898 731 1091 798 sermonibus

123 836 407 900 accommodatum.
452 835 503 912 Et,
515 835 651 913 hercule,
665 837 771 900 omnia
782 838 862 915 haec,
876 859 947 920 quae
959 860 977 901 a
990 829 1039 900 me
1051 836 1091 899 de

121 939 240 1004 facetiis
264 940 469 1024 disputantur,
498 961 561 1003 non
587 940 706 1025 majora
734 941 901 1007 sorensium
923 942 1092 1018 actionum,

122 1047 213 1126 quam
229 1045 367 1109 omnium
383 1023 571 1121 sermlrnom,
583 1044 785 1110 condimenta
796 1058 876 1112 suut.
911 1047 942 1110 N
946 1067 997 1110 am
1008 1047 1092 1129 quod

123 1149 204 1234 apud
221 1149 377 1212 Catonem
392 1160 449 1225 est,
463 1148 517 1231 qui
532 1147 630 1211 multa
644 1148 756 1226 retulit,
771 1168 809 1214 ex
824 1152 935 1234 quibus
947 1172 966 1213 a
978 1134 1028 1214 me
1041 1172 1095 1214 ex-

123 1252 217 1337 empli
232 1252 326 1316 causei
341 1251 439 1315 multa
454 1263 620 1336 ponuntur,
636 1274 690 1336 per
702 1253 775 1316 milri
787 1255 897 1317 scitum
911 1255 1040 1332 videtur,
1056 1256 1092 1320 C.

47 1367 50 1374 '
124 1348 298 1420 Publicium
318 1356 441 1420 solitum
461 1356 575 1432 dicere,
598 1355 638 1420 P.
661 1355 841 1420 Mummium
855 1357 951 1421 cerinis
966 1360 1096 1442 tempori

123 1462 272 1526 hominem
287 1483 363 1524 esse.
409 1460 462 1522 Sic
478 1460 619 1542 profecto
635 1482 682 1523 res
697 1482 730 1524 se
746 1461 851 1538 habet,
871 1461 986 1525 nullum
1005 1474 1039 1526 ut
1057 1463 1096 1526 sit

124 1565 194 1628 vitae
216 1575 350 1648 tempus,
372 1564 402 1625 in
418 1584 480 1644 quo
495 1585 559 1627 non
574 1564 687 1628 deceat
702 1564 840 1650 leporem
857 1567 1096 1630 humanitatem·

126 1689 186 1750 que
201 1668 324 1731 versari.
369 1667 433 1731 Sed
449 1668 543 1731 redeo
560 1668 598 1730 ad
614 1679 737 1734 caetera.
782 1670 838 1734 Est
850 1670 921 1734 huic
933 1671 1095 1734 finitimum

126 1770 371 1847 dissimulationi,
386 1776 458 1835 crim
473 1772 604 1835 lronesto
615 1773 711 1836 verbo
722 1773 831 1838 vitiosa
847 1797 894 1838 res
908 1775 1096 1859 appellatur:

127 1887 160 1940 ut
174 1879 248 1940 oirm
265 1875 428 1940 Africanus
446 1893 556 1940 censor
578 1875 659 1939 tribu
681 1879 828 1942 movebat
850 1901 921 1942 eum
945 1881 1099 1942 centurio·

128 2000 211 2057 nem,
226 1981 279 2064 qui
294 1981 324 2043 in
341 1980 428 2043 Pauli
452 1979 557 2064 pugna
568 2001 631 2043 non
647 1981 789 2059 affuerat,
803 1986 875 2046 crim
891 1983 940 2046 ille
953 2004 985 2046 se
997 1995 1099 2046 custo·

127 2084 188 2150 dire
202 2085 298 2148 causa
313 2085 431 2148 diceret
445 2085 475 2146 in
491 2084 599 2148 castris
611 2084 804 2162 remansisse,
819 2098 1032 2170 quaereretque
1044 2108 1099 2151 cur

99 2271 101 2280 Ι
129 2190 170 2254 ab
192 2212 231 2252 eo
253 2200 432 2264 notaretur,
455 2189 529 2252 Non
552 2211 630 2264 arno,
643 2188 760 2284 inquit,
781 2189 902 2252 nimium
923 2189 1098 2272 diligentes.

91 2363 96 2372 ,
128 2294 267 2359 Acutum
283 2293 377 2356 etiam
392 2291 464 2354 illud
481 2303 538 2368 est,
560 2295 632 2356 cum
654 2315 691 2356 ex
715 2293 837 2364 alterius
860 2293 1000 2357 oratione
1016 2285 1099 2358 aliud

129 2397 278 2482 excipias,
299 2408 396 2482 atque
414 2395 463 2460 ille
479 2398 562 2475 vult3
583 2409 617 2460 ut
640 2396 807 2462 Salinatori
830 2397 995 2474 Maximus,
1018 2401 1102 2476 edm,

130 2503 272 2567 Tarento
289 2502 413 2577 amisse,
429 2523 534 2565 arcem
549 2513 655 2566 tamen
670 2502 773 2566 Livius
788 2500 972 2580 retinuisset,
992 2503 1102 2567 multa·

132 2627 194 2690 que
209 2629 246 2670 ex
262 2606 299 2670 eri
315 2606 421 2690 praelia
436 2605 586 2689 preclara
601 2606 740 2684 fecissem
754 2609 826 2670 crim
839 2607 954 2689 aliquot
967 2619 1039 2692 post
1050 2629 1103 2670 an·

131 2733 189 2776 nos
207 2711 360 2774 Maximus
373 2711 403 2773 id
414 2711 562 2794 oppidum
573 2712 750 2794 recepisset,
764 2722 950 2794 rogaretque
962 2731 1032 2774 eum
1047 2710 1104 2773 Sa·
1131 2707 1134 2719 ¹

118 2815 255 2892 ‘linator,
270 2827 304 2877 ut
319 2803 519 2890 meminisset,
534 2813 629 2898 opera
639 2814 692 2877 sud
705 2835 737 2877 se
749 2813 923 2876 Tarentum
935 2812 1105 2897 recepisse,
1123 2825 1125 2829 ’

136 2919 266 2996 Quidni,
288 2918 398 3001 inquit,
419 2916 626 2980 meminerim?
648 2938 802 3000 nunquam
821 2917 899 2980 enirn
913 2917 1104 3002 recepissem,

132 3025 195 3090 nisi
210 3037 241 3086 tu
252 3022 454 3106 perdidisses.
499 3021 580 3084 Sunt
594 3021 689 3084 etiam
704 3021 756 3084 illa
770 3022 974 3102 subabsurda,
987 3017 1051 3088 'sed
1065 3045 1106 3088 eo

133 3129 204 3214 ipso
216 3128 340 3191 nomine
350 3129 433 3210 saepe
446 3125 585 3203 ridicula,
600 3147 662 3188 uon
675 3125 772 3189 solum
785 3128 884 3206 mimis
896 3129 1107 3220 perapposita,

134 3233 192 3303 sed
208 3231 303 3296 etiam
318 3231 554 3314 quodammodo
570 3229 677 3294 nobis:

477 3354 558 3402 Homo
568 3353 658 3412 fatuus,

262 3439 392 3500 Postquam
403 3423 454 3484 rem
464 3437 555 3486 habere
567 3439 647 3500 coepit,
658 3441 695 3486 eat
705 3442 822 3486 mortuus.

479 3517 543 3576 Quid
554 3521 644 3572 esttibi

265 3603 315 3652 lata
325 3603 429 3652 mulier?
445 3601 524 3650 Uxor.
555 3603 653 3661 Similis,
669 3601 853 3652 mediusfidius:
871 3609 895 3654 et

264 3686 386 3751 Quamdiu
397 3686 426 3738 ad
437 3699 511 3752 aquas
518 3683 573 3744 fuit,
583 3699 708 3754 uunquam
718 3691 755 3739 eat
766 3691 883 3740 mortum.
944 3715 951 3726 -
