2400 3980
126 155 145 216 d
370 175 412 218 na
434 175 584 218 naerens
607 175 704 219 araas
727 172 854 218 narnus.

127 318 211 386 secte
226 319 311 386 nulla
325 343 464 406 unquam
479 323 703 400 vehementibs,
724 323 821 407 quam
836 316 1023 403 eloquentie
1039 324 1103 382 stn-

106 423 390 542 'dravrguerunt
408 427 437 490 Ν
463 448 493 493 m
460 438 663 532 ρ9ιιιι99
662 447 724 503 nm,
641 425 863 543 q3iqrperio
876 421 1104 504 omniumgen·

21 529 27 537 “
82 528 94 540 '‘
130 507 217 592 tium
224 499 419 608 cbbslitutb,
420 509 625 596 diuturnitas
654 531 741 616 pacis
769 509 867 596 ellum
896 523 1105 599 confirmavit,

131 653 226 698 nemo
240 632 303 698 sere
325 633 425 700 laudis
441 636 572 720 cupidus
587 636 770 701 adolescens
793 631 928 698 nonsibi
944 631 985 694 ad
999 629 1106 693 dicen·

131 736 207 800 dum
222 737 325 817 studio
336 758 421 832 cmm
413 739 617 835 enitendum
633 739 772 824 putavit.
805 737 854 801 Ac
866 733 1106 820 primoquidem

77 832 98 910 ἶ·
133 829 263 906 tcttts*
254 826 386 935 ratipnis'
408 838 517 928 ignari,
546 845 600 928 qui
624 863 727 927 neque
752 839 983 908 exercitationis
1009 835 1105 902 ullam

133 944 227 1021 viam,
241 965 344 1028 neque
353 946 483 1064 aliquqd
493 959 714 1064 praeceptqm
706 947 779 1012 artis
790 965 858 1010 esse
874 943 1108 1018 arbitrarentur,

134 1057 268 1126 tautum,
282 1061 435 1132 quantum
450 1043 576 1136 ingemo
599 1062 631 1116 et
645 1050 837 1136 cogitatione
852 1057 1009 1134 poterant,
1032 1065 1109 1110 con·

134 1151 354 1235 sequebantur.
398 1154 473 1220 Pdst
500 1166 616 1232 autem,
639 1155 751 1220 auditis
775 1151 949 1219 oratoribus
975 1148 1108 1224 Graecis,

135 1256 331 1341 cognitisque
357 1279 466 1324 eorum
487 1260 592 1336 literis,
618 1258 825 1342 adhibitisque
847 1253 1071 1329 doctoribus,
1064 1275 1110 1318 m·

137 1361 275 1430 credibili
290 1363 428 1445 quodam
441 1364 537 1429 nostri
552 1364 694 1429 homines
705 1362 831 1428 dicendi
845 1360 947 1426 studio
959 1359 1111 1443 flagrare·

136 1475 217 1539 runt.
261 1465 429 1532 Excitabat
444 1487 499 1532 eos
515 1468 700 1552 magnitudo
720 1477 751 1532 et
765 1466 909 1540 varietas,
931 1462 1112 1526 multitudo·

137 1568 245 1651 quein
261 1569 347 1632 omni
368 1591 484 1653 genere
509 1592 687 1646 causarum,
711 1581 745 1634 ut
771 1570 897 1657 adeam
923 1566 1114 1642 doctrinam,

138 1692 234 1753 quam
249 1693 307 1736 sue
328 1672 461 1756 quisque
476 1675 578 1738 studio
594 1685 755 1738 assecutus
776 1683 868 1748 essct,
890 1672 1114 1756 adjungeretur

105 1857 107 1871 .
139 1795 212 1873 usus
224 1775 379 1860 frequens,
390 1777 442 1860 qui
457 1778 597 1842 omnium
613 1778 831 1862 magistrorum
847 1787 1007 1861 praecepta
1022 1795 1115 1858 supe·

31 1868 92 1905 Μ
121 1878 231 1944 ·'r·t‘ret.
275 1879 374 1945 Erant
400 1891 505 1948 autem
531 1881 603 1946 huic
628 1882 730 1945 studio
757 1880 904 1957 maxima,
930 1901 1001 1962 quae
1026 1899 1115 1943 nuuc

141 2005 266 2068 quoque
280 1994 362 2060 sunt,
383 1985 525 2070 exposita
539 1985 680 2070 praemia,
701 1984 749 2049 vel
772 1985 812 2048 ad
828 1984 975 2068 gratiam,
995 1981 1043 2046 vel
1072 1984 1116 2048 ad
1192 2033 1193 2038 ι

141 2109 228 2173 opes,
242 2088 290 2154 vel
306 2089 345 2174 ad
362 2089 557 2174 dignitatem.
601 2089 733 2174 Ingenia
748 2089 820 2154 verb
839 2089 888 2170 (ut
904 2088 1006 2152 multis
1019 2085 1118 2152 rebus

141 2213 309 2277 possumus
319 2193 476 2282 judicape)
488 2204 663 2258 nostrorum
676 2191 836 2256 bominum
849 2191 980 2256 multum
992 2192 1119 2256 caeteris
1172 2209 1177 2220 ·

143 2296 351 2384 [bominibus]
368 2298 506 2362 omnium
522 2299 662 2382 gentium
676 2297 893 2380 prestiterunt,
937 2295 1063 2365 Quibus
1075 2297 1119 2362 de

141 2401 253 2477 causis,
264 2400 332 2483 quis
346 2421 410 2466 non
421 2401 642 2486 juremiretur,
656 2422 694 2466 ex
710 2401 795 2465 omni
811 2399 960 2464 memoria
975 2411 1121 2476 aetatum,

143 2514 332 2588 temporum,
346 2503 517 2582 civitatum,
535 2517 600 2570 tarn
615 2505 761 2591 exiguum
776 2518 935 2570 oratorum
951 2525 1120 2570 numerum

144 2602 296 2671 inveniril

189 2709 254 2776 Sed
269 2709 412 2776 nimirum
430 2711 528 2797 majus
544 2724 590 2778 est
606 2713 666 2778 boc
681 2712 842 2796 quiddam,
867 2715 959 2796 quam
977 2713 1123 2780 homines

146 2815 323 2900 opinantur,
335 2825 367 2880 et
379 2814 516 2899 pluribus
530 2837 569 2882 ex
585 2817 701 2881 artibus
716 2818 885 2900 studiisque
898 2817 1077 2884 collectum.
1093 2843 1095 2848 ·

189 2917 227 2984 V.
250 2916 331 2989 uuis
346 2919 429 2984 enim
456 2919 550 2997 aliud,
576 2921 607 2985 in
623 2921 758 2986 maximat
772 2921 957 2986 discentium
985 2921 1123 2988 multitu·

148 3021 232 3098 dine,
253 3022 375 3086 summa
390 3023 607 3108 magistrorum
622 3024 724 3110 cupid,
739 3025 1001 3110 praestantissimis
1022 3026 1126 3091 bomi-

148 3125 380 3210 num-ingeniis,
406 3126 524 3192 infinita
547 3151 712 3194 causarum
739 3129 900 3205 varietate,
924 3129 1126 3213 amplissimis

150 3229 337 3313 eloquentis
352 3232 515 3315 propositis
530 3233 675 3316 praemiis,
689 3253 756 3297 esse
771 3255 876 3298 causae
892 3245 990 3316 putet,
1006 3233 1063 3298 nisi
1078 3237 1127 3302 rei

151 3335 311 3418 quandam
326 3333 536 3401 incredibilem
553 3336 812 3421 magnitudinem,
826 3359 865 3404 ac
879 3337 1127 3404 difficultateml

152 3438 210 3502 Est
230 3437 315 3504 enim
329 3447 362 3502 et
382 3438 512 3504 scientia
526 3441 824 3524 comprehendenda
848 3462 950 3506 rerum
978 3442 1129 3527 plullma·

152 3563 231 3619 rum,
241 3541 307 3608 sine
318 3540 379 3626 qud
390 3542 552 3609 verberum
564 3525 740 3610 volubilitas
750 3545 849 3610 inanis
862 3560 956 3630 atque
966 3547 1131 3616 irridenda

153 3657 218 3714 est:
241 3656 273 3714 et
287 3645 355 3732 ipsa
380 3647 481 3722 eratin
502 3647 739 3728 conformanda,
764 3651 942 3718 nouaclum
957 3651 1133 3734 electione,
