2400 3980
147 136 167 192 t
389 143 431 186 nu
454 141 604 185 ouuuoee
627 139 724 184 mun
746 141 875 187 omnus.

188 293 271 359 tione
290 289 448 378 praeemit,
462 302 491 352 et
508 288 546 353 de
561 287 762 354 collocatione
785 311 888 353 rerum
912 287 1115 374 locorumque,

187 398 248 484 qud
257 394 396 490 nutriatis
407 392 541 460 oaluiree
552 391 745 469 credebatur,
758 415 786 458 o.
799 393 866 458 oie.
877 391 915 456 de
929 392 1006 458 clar.
1026 392 1114 456 Orat.
1140 417 1144 428 ¹

187 525 213 567 c.
230 503 281 566 et.
306 495 372 562 cim
386 496 492 561 contri
505 519 567 561 non
576 494 811 580 'elegantissimo
825 517 960 561 sermone
979 508 1117 560 uteretur

187 618 280 690 atque
302 602 470 686 diligenter
492 599 637 686 loquendi
659 591 750 665 laude
773 613 903 666 careret.
945 597 998 664 Ad
1013 599 1117 663 inuen-

187 710 298 774 tionem
311 728 414 772 rerum
428 718 530 770 autem
544 704 688 790 quonian
694 704 831 789 pertinet
843 705 934 769 etiam
947 704 986 769 de
992 704 1077 790 jocio
1086 719 1117 768 et

178 811 311 901 facetiis
326 811 422 887 meus,
447 821 476 872 et
490 808 602 874 Gaetar
616 807 798 873 credebatur
812 809 943 900 omnium
955 807 1118 895 facetiori-

186 938 252 990 muc
276 928 305 978 et
319 915 351 978 in
367 912 506 999 jocando
532 911 738 998 lepidissimus
752 934 830 990 erse,
853 912 913 977 oid.
929 935 955 978 c.
971 922 1021 978 54.
1034 912 1062 976 ei
1075 912 1117 976 de

187 1020 235 1085 tn'e
249 1015 430 1103 disputandi
437 1030 548 1102 partes
562 1015 729 1082 traduntur
739 1016 760 1084 i.
774 1038 801 1080 c.
817 1037 913 1102 neque
923 1015 966 1080 ad
979 1038 1006 1082 c.
1023 1022 1072 1081 71.

148 1123 244 1192 Redit
258 1122 301 1188 ad
317 1121 467 1186 Graecum
481 1120 514 1184 in
525 1120 605 1186 libro
617 1121 707 1186 tertio
718 1120 892 1187 discerendi
901 1142 1019 1198 manue,
1029 1119 1119 1184 indu·

187 1228 326 1312 citurque
335 1225 374 1290 de
386 1225 572 1291 ornamentis
584 1224 735 1289 orationis
744 1237 774 1289 et
782 1226 845 1289 totd
857 1223 1026 1290 elocutione
1031 1247 1119 1310 prce·

186 1332 315 1418 cipiens,
325 1329 358 1394 in
372 1331 433 1415 qud
447 1328 568 1394 ceteris
578 1327 714 1394 omnibus
723 1329 862 1414 palmam
872 1329 1047 1415 preripere
1056 1351 1119 1414 pu-

186 1435 319 1502 tabatur.
355 1434 422 1500 Cic.
437 1432 582 1498 declarit
602 1431 657 1499 Or.
668 1455 694 1500 c.
711 1441 761 1511 38,
776 1453 801 1497 t.
845 1433 946 1498 Docet
957 1446 1058 1498 autem
1071 1433 1119 1496 di·

188 1539 315 1606 cendum
330 1561 396 1603 ecoe
419 1538 522 1615 iatine,
538 1538 644 1624 pieni,
667 1543 784 1615 ornati,
808 1551 838 1602 et
852 1543 932 1624 apti,
945 1539 1120 1624 inquorum

187 1644 277 1708 tertio
291 1641 432 1728 inprimis
453 1641 565 1705 multuo
579 1654 635 1705 eet.
652 1670 653 1679 ¹
682 1641 834 1705 Ornatam
853 1655 954 1707 autem
966 1643 1119 1707 eurietere

187 1747 318 1813 ostendit
338 1743 602 1811 cinerariorum
615 1744 743 1823 deiectu,
765 1757 827 1809 tum
838 1768 854 1808 e
866 1747 974 1831 tropis,
983 1745 1120 1832 figuris,

187 1865 217 1916 et
241 1874 376 1916 numero.
418 1849 585 1915 Adduntur
609 1848 731 1914 tandem
755 1848 897 1934 quedam
920 1851 959 1914 de
984 1849 1118 1916 actione.

191 1957 272 2041 Gap.
292 1964 340 2032 14,
355 1977 418 2040 seq.
433 1953 611 2040 digreditur
631 1952 674 2017 ad
687 1952 795 2018 lauder
818 1952 1010 2040 eloquentia,
1031 1955 1121 2041 eique

187 2058 417 2145 adjungendam
428 2081 496 2126 eree
505 2058 595 2123 docet
600 2056 840 2144 philosophiam
849 2079 911 2122 nou
920 2059 1120 2144 'Epicuream

188 2165 309 2252 quidem
322 2177 377 2230 aut
395 2165 542 2242 Stoicam,
566 2163 622 2228 ced
635 2161 852 2228 Academicum
876 2175 906 2226 et
928 2163 1121 2249 Peripateti·
1186 2183 1187 2188 ’

189 2293 265 2336 cam.
308 2269 347 2334 In
361 2267 492 2334 exordio
509 2269 620 2333 Cicero
627 2269 788 2354 funestam
801 2280 928 2332 mortem
946 2291 1052 2333 eorum
1065 2269 1120 2334 de·
1184 2327 1186 2336 ,

124 2437 126 2442 s
187 2375 303 2459 plorat,
316 2373 370 2457 qui
383 2374 416 2438 in
431 2374 479 2438 iiie
494 2371 581 2437 libris
595 2373 789 2506 disputantes
803 2371 997 2438 inducuntur.

959 2477 1118 2544 Eunusrr.

375 2668 536 2712 antonus
559 2667 619 2710 suu
643 2667 739 2710 menn
762 2668 890 2711 emuus.
961 2646 965 2654 '

190 2791 214 2856 1.
237 2787 421 2854 Coomuuot
447 2789 521 2853 mihi
543 2807 769 2872 saepenumero,
792 2802 825 2854 et
839 2789 989 2854 memorii
1009 2801 1120 2856 vetera

148 2895 311 2980 repetenti,
325 2894 467 2978 perbeati
478 2893 581 2971 fuisse,
593 2893 713 2962 Quinte
725 2891 829 2970 frater,
842 2893 884 2957 illi
896 2894 991 2958 videti
1005 2893 1121 2972 solent,

147 2998 205 3083 qui
215 2999 245 3062 in
258 2998 376 3081 optima
391 2997 559 3088 republici,
574 3000 650 3062 cum
658 3009 690 3061 et
702 2997 880 3074 honoribus,
890 3009 923 3062 et
934 3017 1035 3063 return
1048 3019 1121 3084 gee-

147 3117 249 3169 tarum
272 3102 369 3188 gloria
393 3103 549 3180 florerent,
573 3123 644 3166 eum
660 3101 731 3166 vitae
746 3121 870 3166 cursum
885 3112 992 3167 tenere
1007 3115 1121 3187 potue-

147 3218 229 3285 runt,
243 3219 277 3273 ut
287 3207 358 3271 vel
351 3227 382 3270 m
394 3207 521 3292 negotio
536 3208 601 3270 sine
615 3205 764 3290 periculo,
777 3177 848 3270 vel
841 3207 948 3272 motio
963 3227 1035 3274 eum
1049 3209 1122 3295 dig-

148 3314 246 3377 nitate
261 3333 329 3376 esee
335 3321 480 3395 possent.
524 3311 573 3374 Ac
588 3311 884 3394 suiquintanam
901 3311 975 3376 mihi
989 3333 1120 3396 quoque

147 3417 267 3482 initium
293 3413 518 3499 requiescendi,
545 3426 639 3498 etque
665 3415 803 3478 animum
818 3416 859 3479 ed
874 3418 1031 3500 utriusque
1047 3439 1121 3492 nos,-

148 3520 228 3614 trdm
244 3519 395 3604 praeclora
410 3518 512 3582 studia
527 3519 690 3596 referendi,
707 3519 771 3583 sore
783 3518 899 3604 justum
915 3534 947 3586 et
960 3524 1058 3605 prope
1074 3523 1121 3586 ab

149 3624 293 3690 omnibus
307 3644 491 3690 concessum
508 3623 681 3701 arbitrarer,
699 3623 723 3687 si
738 3623 874 3700 infinitus
887 3625 1054 3692 forensium
1070 3649 1121 3692 re·
