2400 3980
16 557 20 722 i

326 115 371 160 nr
387 111 537 158 onerans
553 114 649 159 arara
665 119 794 164 neruus.
1006 101 1044 161 47

21 265 105 384 pit
151 263 274 330 Fufius
291 272 414 338 autem,
424 259 515 328 simui
527 274 621 346 atque
637 261 784 330 aedificari
799 278 937 350 coeptum
953 263 1046 332 ertia

21 348 195 450 quadum
216 379 318 452 parte
332 365 427 444 urbis,
442 385 513 447 quoe
527 365 623 431 modo
638 387 676 431 er
692 365 749 430 iilis
774 367 891 434 aedibus
906 367 1047 456 conspici

57 485 172 557 posset,
208 469 284 556 egit
309 469 414 534 statim
440 489 513 534 cum
539 469 719 548 Bucculeio,
745 471 841 556 quod,
868 473 1046 559 cuicunque

58 575 234 660 particuiae
250 571 324 638 caeli
345 573 533 650 afficeretur,
548 573 688 660 quamvis
702 584 785 640 esset
800 573 919 660 procui,
936 573 1046 640 mutari

57 681 181 746 lumina
195 676 350 766 putabat.
394 675 482 747 Quid
502 677 598 744 verat
620 677 790 750 clarissima
805 675 938 744 M’Curii
952 697 1047 746 eausa

58 784 100 850 M.
123 805 196 868 que
217 780 357 865 Coponii
369 800 469 863 nuper
484 783 566 867 apud
583 783 801 861 centumviros,
816 803 878 866 quo
892 776 1048 847 'concursu

14 955 16 984 s
58 887 250 962 hominum,
261 884 322 966 qua
333 885 567 969 exspectatione
582 885 790 953 defensaestt
813 889 885 952 cum
903 885 946 957 Q.
963 883 1048 951 Sete-

58 994 139 1071 noia,
165 989 306 1073 aequalis
320 999 356 1053 et
378 987 502 1074 collega
526 1011 624 1068 meus,
639 991 734 1057 homo
757 992 896 1057 omniurn
912 1005 944 1058 et
959 992 1048 1058 disci·

59 1095 143 1180 plina
157 1094 244 1182 juris
261 1091 356 1158 civilis
378 1091 609 1172 cruditissimus,
637 1105 669 1160 et
684 1095 810 1182 ingenio
825 1096 1047 1180 prudentiaque

12 1259 14 1270 ,
60 1199 284 1272 acutissimus,
310 1207 341 1260 et
357 1196 498 1261 oratione
515 1198 647 1262 maxime
671 1197 795 1264 limatus
809 1210 903 1281 atque
919 1199 1048 1277 subtilis,

61 1317 174 1388 atque,
192 1313 228 1366 ut
244 1323 307 1386 ego
302 1299 408 1366 soleo
410 1301 563 1380 dicere,
553 1301 627 1384 puris
643 1301 810 1401 peritorum
819 1303 1047 1419 eloppentissi·

13 1469 14 1500 ,
62 1429 145 1486 mus,
158 1380 402 1488 eloquentium
391 1405 464 1490 puris
479 1403 690 1489 peritissimus,
705 1389 869 1488 exscripto
881 1408 1047 1468 testamen·
1073 1405 1079 1430 ¹

64 1525 172 1578 torum
183 1511 258 1597 jura
272 1507 465 1588 defenderet,
481 1517 684 1594 negaretque,
699 1507 755 1573 nisi
771 1521 932 1594 postumus
947 1521 979 1574 et
994 1529 1047 1574 ne·

65 1628 126 1692 tus,
143 1627 190 1692 et,
206 1625 379 1695 antequam
393 1613 425 1678 in
439 1633 528 1678 suam
544 1612 672 1677 tutelam
689 1613 831 1692 venisset,
847 1626 985 1681 mortuus
1000 1635 1048 1681 es-

66 1733 126 1798 set,
142 1717 306 1786 haeredem
327 1737 397 1781 oum
414 1739 481 1781 csse
504 1737 606 1802 posse,
628 1718 680 1799 qui
696 1731 777 1785 esset
791 1719 962 1785 secundum
978 1740 1047 1805 pos·
1187 1777 1188 1806 ,

60 1841 206 1991 tunsum,
221 1831 254 1886 et
267 1832 386 1897 natum,
397 1832 429 1885 et
441 1833 606 1897 mortuum
619 1821 900 1888 hoeresinstitutus:
922 1845 983 1910 ego
995 1845 1047 1887 vo
1105 1831 1107 1836 '
1187 1815 1188 1898 ᾖ

60 1897 464 2028 iuriiptemdefenderem·
486 1924 632 1990 haceum
658 1927 723 1989 tuni
751 1941 855 1990 mente
870 1925 973 2002 fursee,
995 1926 1046 2008 qui
1187 1905 1188 1920 ¹

68 2040 300 2097 testamentum
313 2027 445 2105 fecisset,
457 2039 500 2104 ut,
525 2027 550 2091 si
569 2027 660 2092 filius.
672 2048 734 2090 non
750 2042 842 2104 esset,
857 2029 907 2110 qui
923 2028 953 2090 in
969 2040 1047 2092 tute·

69 2134 133 2199 lam
147 2132 303 2198 ventsset
327 2131 373 2195 Μ’
385 2130 585 2196 Currusesset
598 2131 704 2193 haeres
738 2129 822 2193 Num
835 2129 953 2193 destitit
967 2141 1047 2194 uter

71 2259 133 2320 que
151 2235 290 2302 nostrum
303 2235 333 2298 in
344 2233 381 2298 eti
393 2233 497 2316 causa,
509 2234 538 2296 in
552 2231 798 2310 auctoritatibus,
807 2233 837 2296 in
848 2231 1006 2316 exemplis,
1016 2233 1046 2297 in

71 2350 336 2406 testamentorum
360 2335 508 2412 formulis,
534 2335 594 2400 hoe
609 2347 666 2412 eet,
692 2335 722 2400 in
748 2335 851 2402 medio
873 2336 942 2424 jure
968 2335 1046 2404 civili
1114 2405 1119 2423 .

72 2443 214 2510 versarii

117 2547 189 2612 XL.
211 2545 407 2631 Omittojam
432 2545 518 2631 plura
544 2545 687 2632 exempla
711 2564 875 2614 causarum
900 2548 1047 2633 amplissi-

75 2671 208 2755 marum,
224 2670 293 2731 qum
307 2663 378 2714 sunt
393 2649 645 2714 innumerabilia·
668 2653 778 2737 eapitis
792 2651 885 2716 nostri
899 2653 981 2736 saepe
994 2673 1047 2735 po·

75 2767 139 2822 test
151 2753 305 2830 accidere,
315 2765 349 2816 ut
363 2773 467 2818 oausae
482 2765 639 2819 terrentur
654 2753 683 2818 in
694 2757 771 2840 jure.
816 2753 975 2817 Etenim
953 2773 997 2816 ste
1010 2753 1046 2818 C
1098 2748 1101 2754 ’

75 2859 273 2932 Mancinum,
289 2856 511 2922 nobilissimum
533 2869 626 2938 atque
641 2857 910 2940 optimumvirum,
927 2877 1047 2921 accon·

76 2961 223 3038 solarem,
244 2962 317 3026 erim
331 2981 403 3025 eum
418 2972 544 3044 propter
560 2957 707 3022 invidiam
721 2959 906 3024 Numantini
922 2959 1046 3026 foederis

77 3078 362 3152 paterpetratuser
389 3043 422 3129 S.
448 3064 483 3128 C.
507 3061 706 3126 Numantrnts
721 3064 900 3143 dedidisset
915 3086 1047 3148 eumque

78 3172 197 3236 illinon
225 3169 423 3253 recepissent,
439 3179 611 3252 posteaque
637 3163 804 3232 Mancinus
819 3169 946 3233 domum
964 3189 1048 3234 reve·

80 3277 185 3350 nisset,
195 3295 296 3358 neque
307 3273 337 3336 in
354 3282 497 3354 renatum
509 3268 634 3336 introire
644 3269 833 3348 dubitassem
854 3271 888 3338 P.
905 3269 1049 3343 Rutilius,

81 3379 126 3443 M.
142 3377 229 3454 filius,
246 3377 383 3442 tribunus
409 3374 519 3460 piebis,
543 3375 583 3440 de
599 3387 709 3438 sanctu
731 3373 821 3458 jussit
836 3376 938 3452 educi,
963 3373 1048 3460 qued

82 3501 153 3546 eum
169 3483 267 3548 civem
283 3492 414 3565 negaret
429 3497 519 3550 essen
539 3477 614 3562 quia
627 3475 778 3543 memorii
791 3479 835 3544 sic
851 3492 932 3544 esset
948 3477 1048 3564 prodi·

83 3601 158 3662 tum,
173 3605 265 3669 quem
282 3593 372 3668 pater
396 3601 468 3645 suus
484 3592 538 3644 aut
561 3577 691 3664 populus
706 3579 904 3656 venditisset,
927 3591 980 3646 eut
996 3597 1048 3664 pa·
