2400 3980
13 171 14 214 ,
332 141 376 182 os
401 135 553 182 cutroni:
577 139 676 180 nrnsn
699 137 830 182 curuos.
1037 123 1074 180 31

13 295 15 322 ¹
87 297 246 361 usturam,
260 283 408 370 defuisse.
453 283 539 348 Ncrn
555 294 588 346 et
603 279 700 344 animi
716 292 812 364 utque
831 283 950 368 ingenii
960 283 1079 348 celeres
1172 366 1177 374 ·

12 371 15 470 i
86 391 217 472 quidem
229 398 335 451 motus
344 405 414 450 esse
423 385 553 461 debent,
563 385 617 467 qui
628 395 659 448 ct
672 385 713 448 od
726 386 973 469 excogitandum
984 389 1081 465 ocuti,

12 497 16 594 j
86 493 176 556 etad
192 489 418 574 explicandum
434 489 678 570 ornandumque
692 488 755 551 sint
770 488 891 565 uberes
912 501 944 554 et
960 493 1081 558 adne-

87 596 224 658 moriam
247 593 329 654 firmi
352 601 448 673 atque
470 591 617 654 diuturni.
663 591 751 653 Et
727 611 753 652 ιι
774 591 845 672 quis
862 603 920 666 est,
942 615 996 674 qur
987 596 1082 661 hoec

12 639 14 738 i
88 709 180 780 putet
193 707 263 759 erte
276 693 379 778 accipi
392 715 496 778 posse,
508 695 608 776 (quod
621 694 733 758 salsum
746 707 814 771 est,
836 695 985 779 praeclare
996 700 1081 762 enirn

12 801 13 828 ¹
73 821 121 876 se
138 821 190 862 res
206 798 335 872 habeut,
355 796 381 860 si
403 798 472 860 haec
488 777 623 860 sedendi
637 807 694 862 cut
708 800 902 863 commoveri
929 808 997 864 orte
1012 821 1082 883 pos·

12 877 13 926 ¹
89 902 169 966 sint:
192 899 437 981 rnserrqurdenr,
449 910 482 962 et
491 899 602 962 donari
613 899 655 962 ab
665 910 732 966 orte
743 921 806 964 non
817 912 948 984 possunt
958 923 1084 980 omnin

89 1013 166 1068 sunt
176 1003 261 1068 euim
271 1002 323 1064 iila
333 1002 420 1066 dono
430 1006 585 1085 neturae):
598 1003 672 1083 quid
686 1003 726 1067 de
739 1003 795 1066 illis
807 1005 902 1080 dicet,
914 1027 986 1087 quae
997 1009 1083 1072 cent

90 1127 167 1170 cum
179 1106 249 1188 ipso
261 1105 389 1168 homine
402 1105 595 1167 nuscuntur?
619 1103 736 1188 linguae'
730 1087 889 1183 solutio,
883 1102 967 1172 vocis
977 1131 1084 1185 sonus,

91 1211 205 1284 intera,
227 1209 318 1281 vires,
340 1206 553 1270 conformatio
573 1209 722 1288 quosdam
738 1219 770 1271 et
785 1209 886 1292 figura
900 1212 1001 1274 totius
1023 1213 1084 1275 oris

11 1323 12 1390 t
93 1323 126 1376 et
141 1310 306 1394 corporisi
330 1309 445 1391 Neque
462 1309 531 1372 haec
547 1309 590 1371 its
605 1309 689 1384 dico,
712 1320 746 1372 ut
768 1331 818 1372 ars
841 1312 957 1393 aliquid
975 1314 1085 1378 limare

11 1455 12 1488 ι
95 1433 161 1478 nou
177 1413 294 1496 possit:
318 1412 535 1494 (nequeenim
553 1411 674 1492 ignoro,
691 1421 724 1472 ot
739 1431 810 1490 quae
826 1411 911 1475 bona
926 1415 998 1488 sint,
1019 1415 1086 1478 fieri

11 1591 12 1598 ἵ
95 1517 230 1580 meliore
242 1535 335 1596 posse
346 1513 502 1587 doctrine,
517 1522 549 1576 et
560 1531 633 1593 quae
645 1533 706 1574 non
719 1513 852 1595 optinui,
868 1513 974 1614 aliquo
989 1517 1087 1580 modo

11 1663 13 1670 ·
96 1619 169 1684 acui
186 1630 294 1680 tamen
311 1625 342 1679 et
358 1615 471 1699 corrigi
490 1618 616 1698 posse):
639 1617 695 1678 sed
718 1626 790 1678 sunt
812 1617 941 1697 quidam
967 1629 1021 1682 unt
1043 1619 1088 1684 ita

96 1720 205 1802 lingue
218 1719 409 1793 haesituntes,
424 1728 479 1780 eut
490 1718 535 1780 ita
546 1719 757 1794 voceabsoni,
769 1721 877 1782 notite
889 1720 975 1783 vultu
987 1732 1088 1785 motu·
1184 1791 1190 1800 .

97 1845 161 1906 que
173 1821 314 1904 corporis
327 1820 405 1883 vasti
419 1831 514 1902 utque
531 1831 682 1903 agrestes,
697 1832 741 1896 ut,
756 1823 880 1885 etiarnsi
896 1823 1028 1905 ingeniis
1044 1835 1089 1887 at·

10 1964 11 1973 ,
99 1945 163 2007 que
186 1923 408 1997 urte‘vnieant,
430 1934 538 1985 tumen
561 1922 591 1984 in
616 1933 776 1986 oratorum
800 1945 965 1996 numerum
984 1926 1089 1989 venire

100 2026 311 2109 nonpossint.
356 2025 439 2086 Sunt
459 2036 566 2087 nutem
590 2025 719 2106 quidum
743 2025 786 2088 itu
810 2027 839 2088 iu
863 2027 974 2103 iisdem
997 2029 1091 2092 rebus

101 2130 235 2204 habiles,
251 2129 294 2190 itu
309 2139 431 2190 unturae
446 2128 628 2212 mpncribus
639 2128 752 2202 ornati,
768 2139 876 2190 utnon
890 2133 967 2204 nuti,
981 2133 1091 2194 scdab

102 2232 210 2314 aliquo
225 2231 287 2293 deo
303 2230 378 2304 ficti,
393 2249 461 2292 esse
476 2212 651 2290 videantur.
697 2227 852 2310 Magnum
869 2231 1032 2311 quoddam
1044 2244 1092 2297 cst

103 2355 184 2398 onus
207 2345 304 2414 atquc
327 2352 451 2405 munus,
478 2331 637 2412 suscipere
660 2338 756 2410 utque
779 2331 928 2412 profiteri,
957 2354 990 2396 se
1013 2355 1094 2411 esse,

104 2437 252 2500 omnibus
273 2433 445 2508 silentibus,
468 2453 565 2495 ιιιιιιιιι
586 2433 903 2511 maximisderebus,
926 2437 1093 2520 magnoin

104 2537 449 2614 conventuhorninurn,
456 2535 665 2654 ιιιιάιιιιιάιιιιι.
710 2535 1094 2614 Adestenimserenemo,
1137 2567 1142 2580 ·

106 2643 180 2723 quin
198 2640 320 2704 acutius
343 2628 456 2718 atqu&
462 2621 564 2700 acrius
567 2637 654 2701 idria
675 2640 706 2702 in
729 2641 867 2715 dicente,
889 2662 984 2722 quam
1007 2651 1096 2706 recta

107 2744 222 2806 vident.
260 2742 321 2816 Ito,
336 2739 487 2822 quidquid
503 2741 600 2816 est,1n
614 2763 678 2823 quo
694 2741 872 2816 offenditur,
882 2741 912 2802 id
928 2743 1097 2818 etiamillu,

108 2866 179 2926 quae
195 2843 357 2906 laudanda
372 2853 454 2916 sunt,
469 2843 583 2906 obruit.
597 2908 606 2920 ⁸
628 2843 742 2924 Neque
758 2844 828 2904 haec
843 2843 873 2905 in
887 2863 959 2905 eam
972 2857 1098 2908 senten·

109 2949 187 3011 tiam
201 2947 339 3028 disputo,
361 2955 395 3007 ut
411 2944 554 3007 homines
571 2944 802 3019 adolescentes,
824 2944 849 3006 si
864 2945 938 3026 quid
955 2947 1098 3010 naturaie

109 3049 189 3113 sorte
206 3069 270 3111 non
287 3047 439 3122 habeant,
461 3046 592 3108 omnino
608 3067 628 3108 a
642 3046 769 3110 dicendi
791 3047 896 3110 studio
910 3049 1098 3113 deterream.

10 3179 15 3195 ·
111 3151 194 3221 Quis
210 3150 294 3228 enim
311 3169 375 3212 non
391 3148 488 3225 videt,
503 3147 540 3211 C.
557 3147 670 3222 Coeiio,
685 3148 799 3229 aequaii
816 3170 900 3225 mco,
916 3171 1035 3234 magno
1047 3151 1100 3214 bo·

111 3273 178 3317 nort
171 3252 299 3326 'fuisse
315 3250 432 3314 homini
445 3269 539 3325 novo,
553 3249 656 3312 iilam
650 3269 763 3332 ipsam,
778 3271 1004 3335 quamcunque
1020 3273 1101 3315 esse-

113 3357 165 3438 qui
188 3353 337 3438 potuerit,
359 3353 388 3415 in
412 3352 556 3448 dicendo,
566 3351 842 3416 mediocritatem?
866 3353 949 3423 (tuis
964 3363 1131 3424 vestrump
1166 3432 1172 3440 ἱ

113 3456 282 3542 equalem,
305 3455 349 3524 Q.
364 3451 532 3530 Varium,
521 3418 658 3518 ἰἰιιιιιιι
668 3454 830 3518 homiuem
854 3468 951 3538 etque
973 3440 1125 3529 sindoni,-

114 3583 179 3626 non
188 3557 344 3641 intelligit,
353 3555 419 3620 uta
413 3577 478 3641 ipre
463 3555 653 3634 facultate,
663 3575 890 3640 quemcunque
900 3559 1007 3631 habet,
1017 3573 1106 3638 mag

114 3684 191 3729 nam
206 3680 276 3728 csse
291 3660 323 3724 in
338 3659 467 3725 civitate
481 3658 619 3743 gretiam
633 3659 866 3724 consecutum?
