2466 3966
77 117 83 126 '
131 103 189 160 172
361 117 405 160 Dr.
422 115 574 160 ORATOR-E
591 117 690 160 LIBER
706 114 887 159 succubus.

171 261 319 338 Habetis,
345 263 386 326 de
411 262 607 327 inveniendis
629 262 723 332 rebus
749 213 1030 344 disponendisque,
1042 261 1123 342 quid

127 365 282 430 santiam:
316 366 489 450 adjungam
505 363 602 429 ctiam
618 365 659 427 de
675 363 837 440 memoria,
849 374 884 425 ut
898 361 1009 426 labore
1026 361 1122 426 Cras·

81 529 84 538 ,
126 489 197 532 sum
208 467 322 544 levem,¹
345 489 449 551 neque
465 469 494 532 ei
509 467 684 550 quidquam
708 467 804 541 aliud,
828 467 872 530 'de
895 485 960 547 quo
975 464 1122 540 disserat,
1221 463 1224 470 ⁴

126 559 357 652 relinquam,
327 573 386 635 msi
401 593 451 646 aa,
477 570 590 652 quibus
609 571 679 633 haec
705 577 907 654 exornentur

168 673 351 737 LXXXVI.
375 673 477 756 Perge
493 673 579 748 voro,
594 672 695 754 inquit
711 671 862 734 Crassus.
885 669 1021 756 libenter
1035 668 1121 732 enim

126 787 168 854 te,
183 777 348 860 cognitum
360 776 427 860 jam
445 776 610 850 artificem,
626 775 863 857 aliquandoque
885 749 1047 837 eiolutuin
1063 771 1122 835 illis

125 865 1121 962 integumentisdissimulationistuae,nudatumquo,perspicio·

19 1005 26 1012 ·
126 989 169 1056 et,
191 980 276 1062 quod
293 980 369 1042 mihi
381 980 534 1057 nihil,aut
549 965 634 1064 quod
651 1003 715 1045 non
733 981 865 1046 multum
881 979 1041 1064 relinquis,
1053 979 1130 1062 por·'

125 1083 295 1146 commode
318 1081 407 1159 facia,
423 1094 534 1165 estque
561 1085 636 1147 mihi
652 1095 789 1168 gratum.
834 1083 908 1146 lam
924 1084 1005 1147 istuc
1021 1103 1122 1165 quan·

126 1194 194 1247 tum
208 1184 266 1248 tibi
280 1205 342 1269 ego
358 1185 548 1269 reliquerim,
571 1187 672 1271 inquit
688 1185 856 1264 Antonius,
871 1186 930 1250 erit
953 1186 984 1249 in
1001 1183 1056 1250 tue
1068 1205 1123 1268 po·

126 1297 251 1352 testate.
296 1287 332 1350 Si
347 1289 433 1353 euim
447 1293 519 1354 vere
544 1311 640 1374 agere
654 1291 798 1367 volueris,
825 1291 934 1354 omnia
960 1289 1017 1352 tibi
1031 1289 1121 1353 relin-

74 1463 81 1474 ,
126 1413 208 1474 quo,
223 1392 269 1456 siu
280 1391 807 1476 dissimulare,tuquemadmodum
819 1393 866 1456 his
876 1392 1065 1470 satisfacias,
1080 1392 1123 1455 vi·

125 1496 218 1561 deris.
264 1495 341 1571 Sed,
357 1506 392 1558 ut
407 1497 450 1559 ad
475 1517 543 1560 rem
555 1497 696 1574 redeam,
713 1518 778 1560 uon
794 1517 864 1560 sum
880 1505 971 1560 tanto
987 1516 1062 1579 ego,
1076 1494 1122 1558 in·

125 1598 204 1680 quil,
217 1597 359 1682 ingenio,
374 1608 494 1682 quanto
510 1598 744 1663 Themistocles
760 1598 828 1676 fuit,
843 1608 879 1662 ut
894 1597 1060 1662 oblivionis
1076 1619 1123 1665 ar·
1223 1601 1224 1620 *

124 1693 310 1784 temquam'
321 1701 632 1778 memoriae,malim:
655 1703 857 1786 gratiamque
867 1703 974 1767 habeo
985 1702 1137 1766 Simoni·
1223 1705 1224 1744 ἒ

124 1801 157 1865 di
168 1802 209 1892 illi
226 1803 305 1880 Coo,
336 1825 432 1886 quem
449 1805 584 1888 primum
600 1805 703 1868 ferunt
720 1814 822 1869 artem
838 1806 1002 1870 memoriae
1016 1814 1122 1890 protu·

123 1906 205 1970 lissa.
250 1905 370 1970 Dicunt
391 1907 487 1984 enim,
503 1911 576 1972 cum
591 1917 735 1972 coenaret
750 1907 923 1971 Crannone
935 1909 967 1971 in
984 1907 1123 1971 Thessa·
1223 1901 1224 1908 '

125 2005 167 2071 lis
183 2007 365 2072 Simonides
382 2009 468 2092 apud
495 2009 651 2091 Scopam,
686 2009 883 2071 fortunatum
910 2005 1073 2072 homiuem
1089 2018 1124 2072 et

31 2179 36 2191 ,
124 2111 276 2189 nobilem,
291 2111 521 2192 cecinissetque
537 2111 568 2174 id
584 2131 724 2186 carmen,
743 2111 828 2191 quod
844 2111 875 2172 in
892 2130 966 2173 eum
983 2111 1123 2193 scripsis-

123 2223 183 2290 set,
197 2215 228 2277 in
245 2235 309 2297 quo
323 2213 433 2290 multa,
445 2213 579 2277 ornandi
592 2212 698 2288 causa,
709 2216 875 2296 po‘e'tarum
888 2230 987 2289 more,
1002 2213 1035 2276 in
1046 2212 1124 2278 Cas·

124 2326 226 2380 torem
242 2316 361 2397 scripta
376 2325 409 2378 et
435 2315 599 2378 Pollucem
616 2315 757 2390 fuissent,
783 2315 875 2378 nimis
891 2315 978 2378 illurn
994 2315 1123 2381 sordide
1223 2387 1224 2410 5

126 2415 282 2479 Simonidi
293 2417 418 2493 dixisse,
433 2437 467 2480 se
483 2417 687 2479 dimidium
660 2439 726 2500 ejus
738 2416 778 2492 ei,
794 2417 879 2498 quod
896 2429 1010 2500 pactus
1026 2431 1126 2497 esset,
1223 2417 1224 2458 3

124 2538 183 2601 pro
197 2516 251 2581 illo
276 2519 429 2595 carmine,
445 2519 612 2594 daturum3
633 2519 788 2634 reliquum
804 2521 901 2584 asuis
917 2519 1123 2606 Tyndaridis,

124 2640 203 2702 quos
219 2623 308 2702 aeque
334 2620 503 2697 laudasset,
533 2631 665 2704 peteret,
691 2622 717 2684 si
742 2623 770 2685 ei
797 2623 964 2689 videretur.
1019 2620 1123 2690 Paulo

123 2723 280 2807 postesse
295 2724 400 2788 ferunt
425 2725 605 2789 nuntiatum
637 2724 803 2802 Simonidi,
831 2735 865 2789 ut
892 2728 1085 2810 prodiret,
1072 2749 1123 2813 Ju-

123 2847 219 2892 venes
234 2837 318 2892 stare
333 2829 398 2892 ad
386 2849 520 2913 januam
541 2811 621 2892 duos
636 2829 803 2910 quosdam,
819 2828 872 2912 qui
889 2851 962 2893 eum
989 2847 1122 2914 magno·

27 2929 32 2938 “
123 2951 200 3013 pere
215 2942 408 2996 evocarent:
431 2931 599 2995 surrexisse
615 2931 713 3008 illum,
728 2931 882 3015 prodisse,
894 2932 1007 2996 vidisse
1023 2934 1125 3024 nemi·

122 3051 214 3095 nem:
239 3033 301 3096 boc
326 3033 451 3096 interim
467 3033 570 3116 spatio
586 3035 740 3098 conclave
763 3035 849 3109 illud,
869 3035 924 3097 ubi
936 3015 1121 3118 epularetur

125 3133 262 3218 Scopas,
276 3135 472 3202 concidisse·
495 3157 533 3219 ea
548 3137 635 3200 ruina
652 3137 754 3220 ipsum
771 3157 958 3218 oppressum
970 3158 1044 3202 cum
1058 3139 1122 3203 suis
1218 3165 1224 3177 ,

122 3235 285 3300 interiisse
309 3214 802 3306 Quoscumbumarevellentsui
806 3242 1123 3329 ,nequepossentob

124 3341 214 3402 tritos
229 3339 443 3414 internoscere
464 3341 527 3405 ullo
543 3341 660 3416 mod03
682 3340 863 3406 Simonides
878 3343 1029 3422 dicitur,
1027 3365 1066 3409 ex
1081 3366 1123 3410 eo

124 3439 212 3522 qaod
237 3443 442 3519 meminisset,
467 3464 531 3525 quo
558 3463 669 3507 corum
694 3443 768 3507 loco
792 3448 924 3528 quisque
947 3446 1122 3524 cubuisset,
1155 3502 1159 3514 ,
1223 3453 1224 3460 ’

123 3541 359 3610 demonstrator
370 3544 614 3634 uniuscujusque
626 3545 802 3631 sepeliendi
814 3547 917 3616 luisse.
962 3548 1121 3616 Haotum
