2466 3966
329 140 372 184 uu
396 139 549 184 astruas
573 139 673 184 erana
697 140 878 188 susurrans.
1043 129 1103 184 109

144 284 271 350 XXIX.
297 284 384 347 Turn
399 285 544 362 Catulus,
571 285 644 368 Ego
659 289 745 362 vero,
759 288 870 367 inquit,
893 289 924 352 in
941 287 1029 352 vobis
1041 287 1104 350 lr'oo

106 388 242 452 maxime
255 387 407 452 admirari
422 388 520 464 soleo,
545 389 643 469 quod,
663 392 738 452 clun
754 388 902 452 intervos
918 391 951 454 in
966 391 1104 456 dicendo

104 491 303 556 dissimillimi
317 491 393 567 sitis,
420 493 464 554 ita
480 502 588 556 tamen
603 501 736 572 aterque
752 493 890 556 vestrilm
904 494 1003 569 dicat,
1025 505 1059 557 ut
1074 493 1104 558 ci

22 673 23 692 Χ
104 593 178 656 nibil
196 615 303 679 neque
331 593 479 656 anatnrd
493 595 700 678 denegatum,
726 615 829 674 neque
845 615 864 658 a
879 581 1024 658 doctrina
1038 617 1103 660 non
1158 661 1164 670 ,

22 695 23 700 ’
103 697 248 762 delatum
275 717 344 759 esse
360 697 513 760 videatur.
553 697 682 773 Quare,
706 698 832 773 Crasse,
858 717 962 778 neque
990 707 1023 760 tu
1049 700 1102 760 tud

104 799 263 862 suavitate
279 820 338 860 nos
351 799 498 880 privabis,
514 809 559 874 ut,
575 799 686 880 siquid
704 801 746 863 ab
757 800 900 865 Antonio
911 809 964 862 aut
978 809 1104 882 prseter-

105 900 237 966 urissum
250 911 305 962 ant
315 901 459 978 relictum
470 899 520 976 sit,
532 921 597 964 non
609 903 767 985 explices:
791 923 894 984 neque
907 914 950 977 te,
972 901 1105 978 Antoni,

104 1003 127 1064 si
143 1003 220 1082 quid
244 1024 309 1066 non
335 1002 462 1078 dixeris,
489 1003 738 1067 existimabimus
753 1025 817 1068 non
834 1007 973 1088 potuisse
989 1005 1107 1087 potiris,

104 1107 201 1186 qudrn
218 1127 238 1168 a
265 1105 381 1166 Crasso
404 1104 469 1168 dici
492 1105 649 1184 maluisse.
694 1105 759 1170 Hic
774 1108 917 1184 Crassus,
944 1107 1035 1178 Quin
1060 1116 1105 1182 tu',
1162 1177 1166 1184 ¹

104 1207 216 1288 inquit,
232 1207 363 1282 Antoni,
388 1207 506 1270 omittis
521 1209 592 1283 ista,
607 1227 678 1288 quse
694 1209 896 1292 proposuisti,
923 1231 995 1291 quae
1009 1229 1104 1274 nerno
1149 1273 1151 1279 ,

105 1312 218 1374 borum
235 1310 417 1385 desiderat3
439 1310 552 1390 quibus
576 1331 616 1374 err
632 1311 709 1374 loeis
725 1333 774 1387 ea,
801 1333 872 1391 qnae
886 1313 1025 1375 dicenda
1043 1313 1105 1376 sint

60 1417 63 1421 ’
104 1407 144 1476 iri
153 1413 499 1494 causis-reperiantur:
523 1431 594 1492 quae
610 1431 794 1492 quanquam
808 1415 908 1476 abste
930 1435 1014 1476 novo
1030 1433 1106 1493 quo·
1149 1395 1167 1413 '⁵

104 1517 185 1578 dam
201 1515 311 1589 modo,¹
326 1515 542 1596 praeclareque
553 1513 718 1588 dicuntur,
741 1525 812 1577 sunt
828 1525 937 1578 tamen
964 1525 996 1578 et
1013 1535 1045 1578 re
1061 1515 1105 1576 fa-

88 1618 226 1692 ciliora,
238 1627 270 1680 et
281 1617 448 1700 praeceptis
460 1616 655 1700 pervagat'al
673 1615 730 1680 illa
742 1617 895 1700 deprome
908 1617 1010 1694 nobis,
1019 1619 1104 1682 unde

105 1720 223 1784 afferas
238 1740 312 1800 qnae
328 1718 498 1802 saepissime
515 1732 645 1797 tractas,
657 1741 846 1806 semperque
861 1720 1019 1787 divinitus.
1061 1775 1062 1778 η

76 1816 78 1818 ’
149 1823 348 1906 Depromam
361 1823 521 1912 equidem,
537 1823 637 1905 inquit
652 1824 809 1888 Antonius
823 1851 831 1900 3
856 1837 889 1889 et
905 1827 968 1908 qud
983 1824 1105 1890 facilius

26 1931 31 1940 '
105 1926 137 1988 id
155 1947 175 1988 a
191 1937 222 1988 te
238 1924 364 2008 exigam
387 1926 471 2005 quod
489 1936 574 2008 peto,
591 1927 665 1990 nibil
681 1927 737 1990 tibi
761 1949 781 1988 a
803 1947 853 1990 rne
871 1929 1044 2010 postulanti
1059 1947 1105 1990 re·

104 2028 237 2092 curabo,
283 2027 367 2092 Meae
384 2029 478 2090 totins
491 2028 653 2103 orationis,
669 2040 701 2091 et
716 2029 804 2091 istius
816 2028 952 2110 ipsiusin
965 2029 1104 2092 dicendo

104 2129 276 2205 facultatis,
303 2148 397 2210 quarn
416 2131 512 2192 modo
530 2130 661 2192 Crassus
677 2130 708 2192 in
725 2129 842 2192 coelum
864 2130 966 2212 verbis
982 2129 1104 2202 extulit,

104 2245 257 2296 nessani
273 2232 422 2306 rationes,
434 2243 467 2294 ut
485 2235 560 2294 ante
575 2231 658 2306 dixi3
680 2223 744 2294 una
760 2231 1036 2294 conciliandorum
1049 2231 1103 2294 ho·

105 2336 237 2409 minum,
250 2335 349 2397 altera
365 2335 595 2409 docendorum,
611 2333 704 2397 tertia
716 2334 991 2397 concitandorum.
1037 2331 1103 2395 Ha·
1189 2331 1191 2336 ’

89 2420 175 2502 'ram
192 2439 285 2501 trium
301 2436 437 2519 partium
454 2435 554 2519 prima
577 2436 743 2502 lenitatem
770 2437 932 2514 orationis,
958 2437 1101 2502 secunda

106 2561 253 2615 acumen,
276 2539 369 2604 tertia
385 2540 447 2602 vim
463 2539 641 2604 desiderat:
665 2543 741 2604 narn
765 2541 827 2605 hoo
843 2562 974 2606 necesse
990 2552 1049 2616 cst,
1068 2547 1102 2602 ut

105 2644 141 2720 is,
167 2644 220 2727 qui
236 2643 328 2706 nobis
344 2662 476 2707 causam
499 2643 733 2726 adjudicaturus
749 2644 815 2736 sit„
826 2656 881 2707 ant
895 2642 1102 2707 inclinatione

107 2745 277 2810 voluntatis
292 2747 491 2829 propendeat
507 2746 538 2808 in
552 2767 620 2820 noe,
637 2759 691 2810 aut
701 2743 893 2810 defensionis
907 2741 1102 2826 argumentis

107 2851 302 2933 adducatur,
322 2860 376 2912 aut
403 2847 500 2910 animi
527 2847 726 2929 permotione
743 2856 886 2929 cogatur.
933 2845 999 2907 Sed
1026 2863 1102 2924 quo·

107 2952 193 3016 niam
208 2952 261 3016 illa
277 2932 361 3034 pars,
386 2949 417 3012 in
433 2947 495 3028 qud
510 2969 614 3014 rerum
629 2949 769 3035 ipsarum
795 2945 965 3030 explicatio
993 2967 1032 3009 ac
1048 2946 1101 3008 de·

106 3054 207 3118 fensio
223 3054 326 3137 posita
341 3064 399 3129 est,
411 3050 533 3114 ridetur
545 3069 674 3114 omnem
688 3050 777 3134 hujus
789 3049 913 3134 generis
924 3037 1102 3131 quasidoe·

106 3158 222 3222 trinam
237 3156 410 3231 continere,
426 3155 466 3218 de
483 3153 521 3218 eei
536 3152 672 3236 primurn
692 3145 867 3234 loquemur,
883 3163 915 3217 et
937 3171 1041 3236 panca
1058 3150 1103 3211 di·

107 3279 224 3326 cemus.
270 3259 380 3322 Pauca
405 3257 490 3322 enirn
515 3267 598 3332 sunt,
623 3261 695 3335 quae
719 3275 777 3318 usn
798 3257 866 3340 jani
892 3253 1042 3329 tractata,
1069 3262 1102 3316 et

110 3363 217 3426 animo
232 3343 323 3441 quasi
339 3361 458 3425 habere
474 3369 586 3424 notata
601 3357 773 3423 videamur.

150 3462 257 3527 XXX.
281 3461 331 3548 Ao
346 3461 402 3524 tibi
416 3464 577 3544 sapienter
589 3460 744 3536 monenti,
763 3459 802 3524 L.
819 3459 944 3535 Crasse,
969 3459 1103 3523 libenter

109 3564 328 3638 assentiemur,
343 3571 378 3625 ut
392 3564 586 3647 singularum
600 3583 770 3632 causarum
785 3561 999 3635 defensiones,
1026 3577 1104 3640 quas

587 3675 625 3730 10
