2400 3980
70 97 108 157 76
291 118 333 159 ns
357 106 509 159 onerosa
533 113 631 156 urana
656 113 836 158 sscuuous.

734 209 743 234 ί

67 259 205 340 quentiae
221 281 338 325 nomen
355 260 596 350 relinquendum
618 274 675 324 eat.
721 261 833 330 Quare
858 261 1006 343 equidem
1030 273 1064 325 at

67 364 98 424 in
115 362 221 426 nostrai
236 362 374 438 civitate,
398 374 431 425 et
446 363 478 426 in
502 363 569 445 ipsit
592 362 728 440 Graeoid,
754 383 825 442 quae
850 381 976 446 semper
992 365 1063 426 haec

65 483 189 528 summa
201 466 299 540 duxit,
314 465 429 528 multos
445 476 477 528 et
492 463 637 546 ingeniis,
649 477 682 528 et
694 464 814 548 magna
827 464 922 528 laude
932 465 1062 528 dicendi

65 566 133 630 sinc
144 566 269 632 summa
282 586 385 630 rerum
399 569 542 630 omnium
556 566 688 630 scientiis
704 567 798 630 fuisse
814 566 934 630 fateor:
962 568 1061 630 talem

64 669 139 732 vero
165 670 313 732 exsistere
337 669 564 749 eloquentiam,
591 668 691 749 qualis
714 668 806 732 suerit
828 669 859 730 in
883 668 1002 732 Crasso
1028 682 1061 734 et

64 771 217 846 Antonio,
244 791 307 832 non
325 771 461 852 cognitis
488 772 580 834 rebus
607 771 765 844 omnibus,
789 791 860 850 quae
877 771 918 834 ad
934 771 1060 834 tantam

65 873 266 954 prudentiam
297 873 501 952 pertinerent,
539 882 727 951 tantamque
757 871 885 934 dicendi
920 873 1060 955 copiam,

64 983 185 1052 quanta
201 973 231 1034 in
248 972 305 1034 iilis
320 971 424 1046 fuerit,
437 993 499 1034 non
513 974 652 1054 potuisse
662 973 826 1036 confirmo.
873 973 1059 1042 Quaenam

63 1074 125 1137 ieci
147 1073 304 1148 libentius,
319 1083 353 1136 ut
368 1093 441 1136 eum
456 1094 648 1150 sermonem,
667 1096 761 1154 quem
779 1075 820 1137 illi
836 1077 1000 1155 quondam
1016 1077 1060 1139 in·

63 1186 111 1238 tar
125 1195 159 1236 se
175 1175 215 1238 de
229 1175 275 1236 his
292 1174 384 1238 rebus
401 1174 595 1251 habuissent,
618 1177 806 1263 mandarem
822 1176 936 1238 literis:
959 1178 1007 1240 vel
1024 1189 1060 1240 ut

61 1275 115 1339 iila
130 1275 248 1358 opinio,
273 1297 346 1356 quae
361 1296 487 1359 semper
502 1263 815 1354 fuissetstolleret'u'r,
842 1277 977 1340 alterum
993 1300 1059 1342 nou
1091 1349 1094 1352 ,

62 1378 291 1453 doctissimum,
309 1379 442 1443 alterum
458 1378 553 1462 plane
568 1378 734 1442 indoctum
750 1379 864 1453 suissc3
886 1379 935 1443 vel
958 1391 992 1444 ut
1008 1401 1060 1456 aa,

61 1501 133 1561 quae
148 1482 361 1546 existimarem
378 1503 397 1546 a
412 1473 542 1546 summis
557 1480 736 1544 oratoribus
758 1481 799 1544 de
815 1481 999 1562 eloquentia
1013 1483 1059 1546 di·
1122 1559 1125 1564 ,
1142 1516 1145 1522 ·

60 1582 173 1645 vinitas
189 1605 259 1646 esse
274 1584 371 1657 dicta,
392 1584 585 1646 custodirem
601 1581 707 1657 literis,
733 1581 759 1644 si
780 1582 844 1645 uilo
860 1582 959 1646 modo
974 1603 1058 1648 asse·

60 1682 115 1762 qui
129 1672 364 1764 complectique
380 1683 574 1765 potuissem3
595 1683 656 1758 vel,
680 1682 873 1760 mehercule,
898 1684 1007 1761 etiam,
1022 1695 1058 1749 ut

59 1783 188 1848 laudem
203 1803 324 1858 eorum,
345 1785 413 1868 jam
440 1787 539 1868 prope
563 1795 795 1861 senescentem,
822 1787 977 1866 quantum
993 1807 1057 1870 ego

59 1904 197 1967 possem,
211 1885 259 1948 ‚ab
269 1884 433 1970 ‘oblivione
450 1885 613 1950 hominurn
630 1899 726 1968 atque
742 1909 763 1950 a
777 1887 902 1950 silentio
917 1888 1059 1954 vindica·

46 1977 135 2050 rem.
180 1987 212 2052 N
215 2007 278 2064 am,
293 1987 319 2051 s'i
334 2009 373 2052 ex
389 1987 513 2072 scriptis
529 1991 683 2072 cognosci
704 1989 762 2072 ipsi
778 1988 841 2051 suis
868 1989 1059 2072 potuissent,
1099 2029 1138 2072 ¹..

59 2090 162 2154 minda
176 2090 240 2156 hoc
254 2091 388 2155 fortasse
400 2091 476 2156 mihi
488 2113 558 2155 asse
571 2091 730 2174 putassem
743 2092 975 2156 laborandum:
998 2095 1055 2156 sed

23 2178 27 2188 ⁴
57 2195 131 2256 cdm
143 2192 223 2258 alter
239 2215 302 2257 non
319 2195 464 2271 multum,
480 2194 580 2278 (quod
597 2193 727 2276 quidem
742 2193 907 2279 exstaret)
929 2204 962 2258 et
977 2193 1056 2278 idip-

56 2315 127 2356 sum
142 2296 340 2372 adolersoen‚
356 2297 436 2360 alter
448 2296 523 2360 nihil
545 2298 720 2362 admodum
735 2296 844 2378 scripti
860 2297 1056 2378 reiiquieset3

56 2397 167 2460 deberi
193 2398 291 2460 hoca
318 2397 506 2490 mestantiss,
521 2398 687 2459 hominum
713 2397 849 2479 ingeniis
864 2399 984 2480 putavi,
1010 2409 1056 2474 ut,

55 2501 131 2561 edm
145 2497 244 2560 etiam
260 2517 345 2558 nuno
372 2498 475 2558 vitam
496 2495 620 2560 illorum
647 2499 835 2560 memoriam
861 2509 1056 2574 teneremus,

55 2597 140 2660 hanc
169 2596 383 2660 immortalem
412 2599 589 2672 redderem,
618 2600 644 2660 ei
670 2619 807 2680 possem.
863 2599 963 2667 Quod
991 2599 1054 2664 hoc

55 2701 153 2764 etiam
164 2719 221 2782 rpe
237 2698 407 2784 aggredior
421 2699 542 2782 majore
559 2701 598 2768 ad
617 2701 830 2784 probandum,
846 2701 998 2782 quianon
1011 2703 1055 2765 da

56 2802 125 2866 Ser.
142 2802 268 2878 Galba,
295 2814 349 2878 aut
365 2802 402 2866 C.
420 2801 577 2866 Carbonis
593 2802 776 2884 eloquentie
801 2803 907 2866 scribo
923 2802 1055 2884 aliquid,

54 2903 85 2966 in
102 2923 166 2984 quo
181 2905 276 2968 liceat
293 2905 368 2967 mihi
383 2905 514 2986 tingere,
536 2903 652 2986 siquid
676 2905 780 2980 velim,
806 2904 918 2968 nullius
935 2924 1054 2970 memo·

53 3005 99 3068 rid
109 3005 177 3087 jam
192 3005 373 3070 reieiiente:
396 3006 452 3068 sed
464 3005 531 3068 edo
544 3001 662 3068 haa'oiis
672 2999 911 3088 cognoscenda,
925 3008 981 3087 qui
996 3029 1054 3070 eos

53 3105 149 3188 ipsos,
175 3106 216 3168 de
232 3105 345 3186 quibus
360 3104 483 3188 loquor,
501 3110 594 3189 sape
611 3106 798 3182 audientum
819 3118 854 3171 ut
876 3108 956 3171 duos
972 3127 1054 3178 sum-

18 3276 21 3280 ,
54 3218 125 3270 uros
140 3207 231 3283 viros,
246 3207 292 3282 iis,
305 3207 359 3289 qui
374 3220 520 3274 neutrum
536 3208 658 3276 iliorum
681 3210 834 3285 viderent,
850 3229 972 3286 eorum,
987 3212 1055 3292 qui.

54 3309 113 3372 bus
128 3309 226 3374 ambo
241 3309 283 3374 iiii
306 3320 449 3374 oratores
464 3310 585 3392 cogniti
600 3312 673 3385 sint,
698 3310 840 3378 vivorum
866 3323 899 3378 et
915 3331 1055 3398 praeeu-

44 3411 142 3488 tium,
154 3409 307 3476 memorie
321 3419 412 3486 teste,
428 3411 701 3478 commendemus.
