2458 3972
132 185 192 243 236
375 198 418 242 ua
435 198 585 254 onerans
603 199 699 243 arara
715 197 866 244 asarias.
1032 157 1035 165 ¹

132 348 260 413 concisa
275 347 420 424 brevitas,
435 359 466 412 et
488 349 678 424 extenuatio,
693 359 725 413 et
740 347 811 411 haic
828 347 975 433 adjuncta
996 341 1109 422 illusio,

133 474 150 518 a
172 451 337 538 praeceptis
359 452 492 516 Caesaris
507 471 569 516 non
593 451 780 516 abhorrens:
803 464 835 516 et
851 452 936 516 abre
952 451 1047 535 longa
1063 451 1107 514 di·

131 556 269 644 gress103
291 558 321 620 in
347 555 408 638 quai
433 557 504 620 cum
521 555 610 619 suerit
634 555 814 633 delectati0,
840 568 905 620 tum
922 557 1038 620 reditus
1064 555 1108 618 ad

132 673 300 747 remaptus
310 661 523 726 etconcinnus
533 682 600 723 esse
610 660 757 724 debebit:
779 659 1022 744 propositioque,
1031 661 1108 742 quid

131 768 172 830 sis
187 767 333 842 dicturus,
348 776 380 828 et
396 764 436 827 ab
452 785 501 839 eo,
516 763 600 846 quod
623 769 669 826 est
683 763 814 840 dictum,
836 763 998 849 sejunctio,
1014 777 1046 828 et
1062 787 1108 828 re·

131 871 213 934 ditus
229 870 268 932 ad
285 867 487 952 propositum,
502 879 534 930 et
549 866 682 944 iteratio,
703 880 734 931 et
750 866 878 930 rationis
890 881 964 951 apta
978 868 1107 961 ponciu-

131 975 195 1037 sio:
218 971 445 1089 tqml‘auoendi
462 965 657 1060 minuendive
670 970 774 1048 causa,
786 973 922 1035 veritatis
937 952 1107 1055 superlaitiii

118 1090 227 1160 ‘atque
253 1025 412 1160 trraj'ilc‘lm:
436 1086 466 1140 et
483 1077 615 1160 rogatio,
641 1087 736 1159 atque
762 1074 834 1138 huic
859 1076 989 1140 finitima
1017 1076 1106 1158 quasi

131 1180 358 1266 percunctatio,
369 1181 582 1264 expositioque
597 1181 760 1244 sententiae
775 1198 857 1243 suae:
880 1179 1020 1256 tamilla,
1036 1202 1106 1261 quae

133 1286 267 1348 maxime
282 1285 370 1368 quasi
386 1286 491 1368 irrepit
504 1285 534 1347 in
550 1285 711 1347 hominnm
729 1297 860 1361 mentes,
886 1284 946 1349 alia
962 1283 1105 1360 dicentis,

1215 500 1218 623 l

1212 987 1218 1116 l

132 1411 171 1454 ac
182 1389 394 1474 significantis,
406 1388 608 1452 dissimulatio
618 1412 628 1479 ¹3
651 1389 737 1474 [quae
749 1400 795 1453 est
806 1389 1008 1473 perjucunda,
1021 1393 1104 1465 edm,

131 1493 162 1558 in
186 1495 337 1569 oratione,
359 1515 422 1556 non
437 1486 649 1570 contentione,
674 1496 728 1558 sed
744 1513 887 1582 sermone
914 1493 1102 1579 tractaturt]

131 1599 245 1662 deinde
260 1586 424 1672 dubitatio,
437 1609 500 1660 turn
513 1596 694 1674 distributio,
708 1609 771 1660 tarn
786 1597 949 1674 correctio,
960 1597 1005 1661 tel
1020 1601 1105 1674 ante,
1120 1587 1122 1598 ’
1214 1629 1218 1652 ‹

132 1704 356 1785 velpostquam
379 1701 500 1776 dixeris,
520 1700 568 1762 vel
583 1705 656 1764 eum
673 1702 785 1783 aliquid
803 1723 820 1764 a
838 1715 867 1764 te
883 1703 948 1784 ipse
965 1702 1101 1786 rejicias:
1194 1783 1197 1794 ⁴
1217 1727 1218 1736 ¹

132 1805 327 1890 praemunitio
342 1815 389 1866 est
404 1803 498 1868 etiam
515 1805 612 1880 adid,
630 1806 712 1886 quod
730 1806 924 1888 aggrediare,
947 1819 978 1868 et
994 1807 1102 1890 trajec-

131 1909 175 1972 tio
190 1909 220 1971 in
237 1907 348 1970 alium:
371 1908 625 1982 communicatio,
634 1929 710 2001 ¹quae
722 1921 768 1972 est
783 1907 870 1990 quasi
886 1929 955 1972 curn
969 1909 1003 1971 iis
1019 1910 1101 1992 ipsis,

131 2013 216 2096 apud
231 2033 308 2094 quos
323 2011 420 2087 dicas,
444 2011 648 2076 deliberatio:
671 2031 790 2075 morum
813 2035 851 2076 ac
866 2014 936 2106 tritae
958 2011 1103 2090 imitati0,

26 2173 32 2186 ,
131 2115 179 2179 vel
195 2116 225 2178 in
241 2117 389 2199 personis,
414 2115 461 2178 vel
477 2115 631 2204 sineillis,
657 2137 805 2199 magnum
828 2117 986 2198 quoddam
1011 2137 1100 2179 orna·

116 2231 271 2304 ,mentum
284 2219 439 2295 orationis,
454 2233 485 2283 et
501 2231 609 2302 aptum
624 2220 662 2286 ed
680 2221 799 2282 anirnos
815 2219 1029 2284 conciliandos
1050 2219 1097 2283 vel

132 2325 276 2400 maxime,
301 2326 383 2405 saepe
400 2335 504 2388 autem
531 2322 682 2389 etiamad
709 2323 972 2387 commovendos:
996 2345 1098 2406 perso·
1148 2399 1160 2410 ς

131 2449 241 2491 uarum
264 2427 337 2489 ficta
353 2425 502 2502 inductio,
527 2425 574 2490 vel
590 2421 803 2512 gravissimum
818 2427 921 2492 lumen
944 2425 1100 2511 aagehdi3·

76 2615 80 2624 ,
128 2529 308 2613 descriptio,
336 2529 445 2596 erroris
473 2529 623 2604 inductio,
652 2531 693 2593 ed
719 2529 905 2594 hilaritatem
934 2531 1094 2615 impulsio:

26 2625 31 2646 ⁵
129 2637 203 2698 ante
227 2632 414 2716 occupatio:
440 2643 508 2695 turn
532 2632 594 2696 duo
618 2633 681 2708 i'lle,
696 2653 776 2714 quae
801 2633 934 2698 maxime
960 2649 1098 2712 mouent,

128 2737 294 2804 similitudo
304 2747 335 2802 et
347 2735 687 2821 exemplumdigestm,
697 2735 914 2820 interpellatio,
925 2739 1096 2814 contentio,
1117 2781 1125 2796 .

129 2841 302 2917 reticentia,
330 2841 573 2917 commendatio,
608 2861 667 2904 vox
696 2841 842 2924 quaedam
860 2839 973 2916 libera,
1000 2854 1118 2924 atque·
1217 2839 1218 2896 ἐ

128 2946 224 3012 etiarn
239 2944 411 3020 effrenatio,
429 2943 565 3028 augendi
588 2943 700 3008 causa:
722 2943 893 3020 iracundia,
908 2944 1094 3030 objurgatio,
1136 3007 1140 3018 ,

128 3047 301 3134 promissio,
329 3049 520 3131 deprecatio,
545 3047 730 3125 obsecratio,
755 3047 922 3115 declinatio
949 3051 1048 3116 brevis
1075 3073 1094 3115 a

127 3151 298 3236 proposito,
312 3171 374 3215 nou
390 3161 425 3218 ut
437 3151 576 3235 superior
597 3149 649 3217 illa
663 3151 822 3236 digressio,
843 3155 998 3237 purgatio,
1021 3176 1095 3220 eon-
1111 3163 1120 3182 ·’
1210 3170 1219 3185 ·

126 3255 254 3352 oiliatio,
279 3254 373 3331 laesio,
396 3253 528 3338 optatio,
550 3267 645 3338 atque
668 3257 849 3322 exsecratio.
894 3256 951 3321 His
966 3257 1032 3322 fere
1051 3258 1094 3322 lu·

126 3359 260 3430 ruiaibus
271 3357 422 3424 illustrant
436 3355 609 3422 orationem
624 3358 797 3426 sententiaa

167 3460 250 3526 LlV.
272 3460 429 3525 Orationis
444 3472 550 3546 autern
565 3461 669 3544 ipsius,
693 3473 844 3552 tanquam
860 3485 1027 3540 armorum,
1042 3475 1089 3529 est

125 3565 173 3631 rel
190 3565 329 3630 adesum
345 3563 548 3635 comminatio
563 3577 595 3630 et
606 3564 693 3649 quasi
705 3566 825 3651 petitio,
837 3566 885 3634 vel
898 3568 938 3631 ad
951 3580 1094 3634 venusta·
1134 3621 1138 3624 .

125 3655 438 3765 teraipsatraatatio.
479 3667 565 3742 Nam
586 3679 620 3742 at
633 3670 806 3764 geminatio.
818 3671 1094 3748 verborumhabet
