2400 3980
133 133 173 190 36
381 145 424 188 ns
447 144 600 189 onerosa
623 145 722 188 cirre
746 145 876 188 antuus.
910 131 935 207 'v

176 291 309 357 Minime
324 291 409 366 verti,
435 289 535 371 inquit
550 290 659 365 Cotta,
681 311 765 354 nunc
780 291 866 354 enim
892 303 924 354 te
936 291 1004 374 jum
1019 311 1140 354 exore-

135 415 204 460 mus
220 415 350 458 nccessc
366 405 425 470 est,
439 392 591 474 quoniam
604 391 722 456 retines
738 413 795 456 nos
810 393 842 456 in
858 393 920 456 hoc
935 392 1050 468 studio,
1067 413 1138 456 nec

134 499 176 562 ad
192 497 288 562 aliam
303 495 433 559 dimittis
449 507 561 570 artem,
583 506 617 558 ut
632 494 724 560 nobis
739 495 888 578 explices,
912 494 1064 577 quidquid
1081 509 1139 558 est

135 601 229 677 istud,
255 601 339 681 quod
366 610 401 662 tu
424 597 455 660 in
482 597 621 661 dicendo
647 608 884 680 potestasque
910 598 996 661 enim
1021 617 1139 662 sumus

111 703 227 766 *nimis
244 702 345 766 avidi:
369 699 427 762 ista
453 700 506 763 tua
531 699 685 764 mediocri
709 699 890 781 eloquentia
912 700 1056 764 contenti
1082 721 1139 762 su-

135 825 216 882 mus,
231 805 325 884 idque
338 824 376 866 ex
392 813 423 866 tc
439 803 616 883 quaerimus,
636 805 685 885 (ut
701 825 741 867 ne
756 804 825 886 plus
840 825 898 868 nos
914 825 1139 885 assequamur,

72 941 75 950 v
136 911 232 989 quarn
247 905 432 988 quantulum
448 917 481 968 tu
497 905 528 967 in
548 905 687 970 dicendo
703 917 865 997 assecutus
881 909 941 990 es),
967 907 1139 987 quoniam,

136 1030 208 1090 quae
224 1031 244 1072 a
256 1008 368 1072 natural
383 1009 564 1090 expetenda
578 1020 662 1083 sunt,
677 1029 716 1071 ea
731 1008 810 1071 dicis
831 1029 894 1072 non
912 1007 1003 1072 nimis
1018 1009 1137 1072 deesse

137 1112 242 1202 nobis,
255 1109 329 1192 quid
346 1123 501 1194 praeterea
517 1133 585 1174 csse
602 1113 827 1174 assumendum
842 1111 955 1195 putesl
1045 1107 1049 1110 ’

180 1215 286 1278 ΧΧΧ.
310 1215 396 1276 Tum
423 1214 555 1276 Crassus
581 1213 732 1290 arridens,
759 1213 848 1282 Quid
871 1235 994 1291 censes,
1020 1215 1138 1296 inquit,
1189 1255 1190 1260 κ

138 1321 247 1396 Cotta,
262 1317 321 1382 nisi
335 1317 483 1392 studium,
505 1327 538 1380 et
554 1316 700 1380 ardorem
725 1319 886 1398 quendam
902 1319 1039 1382 amorisl
1063 1322 1138 1386 sine

80 1445 83 1452 ·
137 1443 202 1505 quo
218 1425 292 1486 edm
306 1421 337 1483 in
348 1420 411 1484 vitai
424 1419 498 1484 nihil
510 1419 683 1501 quidquam
694 1420 868 1503 egregium,
878 1433 945 1483 tum
960 1425 1045 1486 certe
1059 1423 1139 1500 hoc,
1184 1451 1190 1458 ·

138 1525 222 1605 quod
238 1536 274 1588 tu
288 1523 420 1606 expetis,
431 1543 526 1585 nemo
542 1542 682 1602 unquam
692 1535 885 1602 assequetur.
929 1524 1044 1606 Neque
1056 1532 1139 1590 vero

137 1647 193 1688 vos
218 1627 353 1688 adeam
376 1645 443 1687 rem
469 1623 561 1686 video
587 1645 656 1686 esse
683 1625 917 1688 cohortandos:
940 1647 1030 1707 quos,
1056 1631 1136 1691 eum
1189 1631 1190 1638 ’

139 1727 215 1790 milii
230 1747 355 1808 quoque
371 1726 436 1788 sitis
453 1725 587 1799 molesti,
610 1725 702 1788 nimis
717 1726 815 1790 etiam
829 1729 965 1810 flagrare
989 1730 1139 1815 intelligo

94 1877 100 1934 Ι
139 1831 324 1914 cupiditate.
370 1830 434 1892 Sed
452 1828 597 1911 prolecto
619 1829 724 1891 studia
739 1830 814 1892 nihil
840 1843 971 1914 prosunt
991 1837 1139 1916 perveni·

94 1935 98 1991 l
140 1933 214 1996 endi
231 1932 347 2012 aliqud,
370 1931 429 1994 nisi
444 1930 530 2005 illud,
546 1931 628 2009 quod
656 1934 707 2006 eo,
719 1934 784 2012 ‘qud
800 1933 957 2010 intendas,
983 1935 1063 2000 ferat
1078 1941 1138 2002 ‹le-

139 2036 310 2115 ducatque,
325 2033 482 2116 cognoris.
527 2032 647 2109 Quare,
665 2034 816 2114 quoniam
831 2035 907 2098 milii
922 2037 1019 2102 levius
1034 2045 1138 2120 quod-

10 2217 13 2226 γ
102 2213 111 2230 N
139 2140 216 2202 dam
230 2157 310 2200 onus
336 2135 508 2219 imponitis,
533 2155 636 2216 neque
652 2157 689 2198 ex
706 2157 757 2199 me
772 2139 814 2199 de
829 2141 962 2202 oratoris
978 2155 1056 2218 arte,
1075 2147 1137 2207 sed

138 2243 180 2305 de
196 2241 257 2304 hac
273 2240 354 2314 meai,
377 2239 655 2320 quantulacunque
672 2251 729 2313 est,
753 2239 903 2304 facultate
919 2245 1065 2323 quaeritis,
1082 2269 1137 2310 ex-

139 2365 260 2426 ponam
285 2343 375 2404 vobis
402 2343 575 2421 quandam,
602 2362 665 2403 non
694 2355 748 2404 aut
777 2345 1042 2424 perreconditam,
1078 2363 1136 2414 nut
1189 2423 1190 2426 Ἴ

139 2445 231 2507 valde
246 2443 419 2517 difficilem,
443 2455 496 2504 aut
513 2443 729 2526 magnificam,
753 2455 807 2506 aut
822 2467 953 2527 gravem
977 2449 1136 2516 rationem

138 2543 376 2610 consuetudinis
392 2564 483 2618 meae,
507 2544 568 2624 quel
593 2545 755 2624 quondam
770 2543 878 2610 solitus
893 2569 962 2610 sum
978 2552 1032 2626 uti,
1058 2557 1137 2616 edm

139 2649 216 2710 milri
245 2647 275 2710 in
302 2647 362 2710 isto
389 2646 493 2708 studio
511 2647 628 2710 versari
652 2633 848 2712 adolescenti
874 2651 1000 2717 licebat.
1046 2657 1136 2720 Turn

138 2749 308 2834 Sulpicius,
324 2750 354 2813 O
370 2750 465 2824 diem,
481 2749 591 2826 Cotta,
607 2751 708 2827 nobis,
731 2752 841 2834 inquit,
857 2759 1021 2836 optat-um!
1045 2765 1134 2840 quod

138 2855 224 2916 enim
240 2874 343 2934 neque
359 2853 504 2937 precibus
520 2855 669 2935 utiquam,
693 2877 753 2919 nec
769 2856 959 2935 insidiando,
985 2883 1046 2926 nec
1062 2885 1135 2947 spe.

138 2957 276 3018 rulando
286 2957 409 3036 assequi
420 2957 517 3038 potui,
530 2960 588 3034 (ut,
599 2957 673 3038 quid
684 2958 815 3022 Crassus
825 2974 945 3042 ageret,
956 2966 1136 3032 meditandi

138 3070 194 3122 eut
219 3057 348 3144 dicendi
362 3059 469 3134 causti,
495 3081 558 3123 non
576 3063 673 3124 modo
688 3062 794 3126 videre
818 3064 905 3141 miti,
928 3069 983 3132 sed
1011 3073 1135 3156 exejus

137 3161 292 3244 scriptore
307 3172 342 3223 et
355 3161 474 3224 lectore
501 3163 629 3245 Diphilo
655 3164 807 3246 suspicari
828 3166 963 3251 liceret),
985 3171 1016 3233 id
1030 3193 1135 3255 spero

138 3283 196 3326 nos
212 3283 281 3326 esse
297 3263 443 3345 adeptos,
459 3265 630 3346 omniaque
640 3267 708 3349 jam
724 3289 762 3330 ex
778 3267 858 3352 ipso,
884 3276 955 3350 quae
970 3273 1024 3336 diu
1046 3279 1135 3364 cupi7

138 3385 219 3440 mus,
231 3365 423 3448 cognituros
1038 3364 1039 3370 '

115 3469 118 3476 “
182 3467 304 3530 ΧΧΧΙ.
328 3468 412 3530 Tum
429 3469 571 3542 Crassus,
587 3470 674 3550 atqui
690 3473 833 3549 arbitror,
847 3476 978 3559 Sulpici,
994 3483 1069 3543 crim
1081 3503 1133 3546 au·

138 3569 243 3642 dieris,
259 3591 322 3632 non
336 3582 402 3633 tam
418 3581 449 3634 te
466 3572 534 3634 hec
550 3572 788 3650 admiraturum,
814 3597 885 3657 quae
900 3579 1019 3658 dixero,
1036 3589 1133 3665 quam

93 1999 108 2044 ll
