2400 3980
334 99 381 141 prs
406 97 557 140 onerose
581 99 679 142 cisun
702 99 835 144 neurus.
1044 89 1080 143 17

96 239 213 307 Etenim
230 243 366 306 cirmini
382 243 413 304 in
426 243 564 308 dicendo
573 234 740 310 inciderint
748 245 810 310 loci
827 247 926 329 (quod
941 249 1082 330 persoepe

94 345 205 426 evenit)
222 358 258 409 ut
271 346 314 410 de
331 346 391 408 diis
403 346 643 421 immortalibus,
654 346 695 410 de
707 347 838 430 pietate,
851 349 892 413 de
902 347 1084 423 concordisi,

94 449 130 512 dc
146 447 299 524 amicitie,
313 448 355 512 de
371 449 533 512 communi
549 449 675 524 civium,
699 448 740 530 de
756 449 931 528 hominum,
952 450 993 516 dc
1007 471 1084 534 gen·

95 551 166 613 tium
179 551 262 634 jure,
278 551 497 632 demquitate,
510 552 551 615 de
568 550 789 634 temperandi,
802 551 845 615 dc
866 554 1083 636 magnitudine

96 653 253 729 enimi,de
266 653 353 716 omni
369 653 489 716 virtutis
499 675 621 768 genere
637 655 676 718 sit
690 655 873 730 dicendum,
888 655 1083 730 clamabunt,

95 755 200 829 credo,
228 756 336 818 omnia
362 756 538 838 gymnasie,
565 767 661 838 etque
688 777 799 821 omnes
812 755 1083 872 philosophppum

96 857 223 933 scholae,
241 879 298 920 sun
315 858 384 920 heec
410 879 479 920 essc
505 858 614 922 omnia
640 831 1085 941 propris·1iiiil“*omnrnoad

97 971 254 1024 oratorem
273 961 460 1051 pertinere,
483 959 622 1053 Quibus
631 982 703 1044 ego,
730 971 764 1024 ut
778 961 819 1024 de
842 961 890 1024 his
912 960 1005 1024 rebus
1020 981 1086 1024 om·

98 1061 209 1124 nibus
203 1073 234 1124 rn
250 1062 385 1145 angulis,
408 1035 621 1125 coustirnendi
633 1049 687 1124 odi
703 1084 809 1139 causa,
830 1065 1086 1138 disserentem

100 1183 298 1238 concessero,
320 1163 394 1226 iliud
411 1175 519 1226 tumen
536 1164 652 1228 oratori
667 1164 804 1228 tribuam
820 1176 852 1230 ct
867 1164 964 1240 debe,
986 1175 1020 1226 ut
1035 1183 1086 1228 ee·

101 1267 184 1341 dem,
209 1267 249 1328 de
265 1267 379 1347 quibus
394 1265 435 1328 illi
451 1267 537 1330 tenui
552 1266 691 1347 quodem
709 1267 925 1350 exsanguique
940 1287 1087 1330 sermono

102 1368 272 1450 disputent,
298 1367 349 1430 hic
364 1389 437 1430 cum
454 1368 540 1430 omni
556 1369 711 1450 gravitate
727 1381 759 1430 et
775 1369 975 1452 jucunditate
991 1368 1089 1450 expli·

103 1483 162 1532 cet.
206 1469 287 1533 Haec
303 1491 365 1552 ego
391 1491 464 1533 curn
482 1469 555 1551 ipsis
571 1468 765 1550 philosophis
791 1481 857 1532 turn
875 1468 1008 1532 Athenis
1029 1468 1089 1532 dis·
1147 1513 1158 1520 -

104 1573 256 1636 serebom.
302 1572 450 1654 Cngcbet
473 1571 556 1634 enim
573 1591 624 1634 mc
646 1570 690 1636 Μ
708 1570 878 1634 Marcellus
893 1570 945 1634 hic
972 1581 1089 1644 noster,

83 1676 187 1791 quin.
170 1696 255 1739 nunc
277 1675 375 1737 aediiis
390 1674 504 1738 curulis
492 1685 605 1794 ,⁸³¹1
601 1686 639 1738 et
633 1673 847 1782 profectos
818 1695 875 1738 nrsr
868 1674 982 1738 ludos
1006 1694 1091 1738 nunc

40 1761 78 1796 ἠ
72 1751 231 1853 ‘'i'riceroi‚
242 1777 315 1840 huic
330 1789 438 1840 nostro
451 1743 605 1840 se‘r‘ii‘ini
598 1761 781 1852 interesset}
805 1797 843 1840 ec
855 1777 922 1860 jum
938 1785 1091 1840 tumeret

105 1880 359 1944 adolescentulus
372 1880 418 1942 his
431 1879 538 1942 studiis
555 1880 685 1944 mirifice·
699 1880 833 1944 deditus·
877 1879 895 1942 J
899 1899 950 1942 arn
963 1881 1038 1942 vcro
1050 1878 1091 1940 de

106 1981 224 2065 iegibus
239 1982 448 2056 instituendis,
463 1982 502 2044 de
519 1982 612 2058 bello,
628 1984 668 2046 de
685 2003 776 2064 pace,
790 1983 832 2046 de
847 1980 951 2057 sociis,
965 1979 1005 2043 dc
1021 1999 1092 2044 vcc-

105 2085 261 2168 tigelibus,
284 2084 406 2167 dejure
421 2083 501 2146 civili
525 2085 701 2198 generetim
719 2085 748 2146 in
776 2083 902 2148 ordines
917 2092 1092 2163 aetntesque

104 2189 273 2269 descripto,
288 2187 459 2249 dicontvel
477 2186 593 2260 Graeci,
618 2187 642 2247 si
668 2186 788 2260 volunt,
815 2185 1010 2268 Lycurgum,
1037 2193 1092 2248 cut

105 2290 258 2354 Solonem
283 2289 482 2379 (quanquam
500 2288 567 2351 ilios
583 2288 711 2369 quidem
730 2305 898 2350 censemus
913 2285 1093 2350 innumero

105 2393 320 2475 eloquentium
337 2364 552 2474 reponendos)
579 2388 675 2453 scisse
692 2389 813 2466 melitis,
840 2389 934 2471 anim
962 2387 1095 2472 Hyperi·

104 2497 190 2571 dem,
216 2507 272 2558 aut
288 2493 550 2568 Demosthenem,
576 2491 766 2576 perfectos
755 2513 823 2577 Jcm
843 2491 1010 2556 homines
1004 2512 1035 2556 m
1050 2491 1095 2554 di·

106 2599 222 2674 cendc,
248 2609 280 2660 et
296 2595 485 2678 perpolitus:
510 2594 557 2658 vel
574 2609 696 2658 nostros
716 2595 924 2670 decemviros,
949 2595 1004 2676 qui
1030 2591 1094 2656 XII

107 2700 232 2764 tubulas
258 2699 516 2782 perscripserunt,
541 2719 621 2780 quos
635 2717 766 2762 necesse
780 2707 829 2760 est
850 2696 945 2760 fuisse
961 2695 1094 2777 prudeu-

107 2817 165 2879 tes‚
181 2813 380 2884 anteponunt
395 2801 425 2864 in
444 2791 506 2864 hoc
521 2821 638 2882 genere
654 2810 686 2863 et
699 2799 767 2862 Ser.
784 2796 909 2871 Galbae,
936 2805 969 2858 et
983 2814 1095 2860 socero

108 2917 163 2970 tuo
179 2904 218 2968 C.
235 2903 344 2978 Laelio,
370 2924 449 2986 quos
475 2913 601 2966 constet
626 2899 753 2965 dicendi
780 2897 878 2981 glorid
905 2896 1094 2980 praestitisse.

109 3009 283 3090 Nunquurn
300 3007 382 3069 enim
411 3004 549 3088 negabo,
574 3025 644 3068 esse
662 3001 818 3084 quasdam
845 3008 928 3062 artes
954 2996 1095 3081 proprius

108 3131 231 3185 eorum,
246 3109 299 3190 qui
315 3109 344 3170 in
359 3108 403 3170 bis
416 3106 649 3188 cognoscendis
661 3116 757 3184 etque
773 3097 947 3166 tractandis
958 3097 1095 3162 studium

110 3233 202 3278 suum
227 3231 323 3275 omne
350 3218 541 3292 posuerunt:
572 3208 627 3270 scd
655 3215 816 3268 oratorem
844 3202 974 3285 pienum
1000 3208 1097 3279 etque

111 3313 286 3396 perfectum
303 3333 371 3376 esse
386 3331 460 3375 eum
476 3309 593 3386 dicam,
608 3306 715 3390 quide
729 3304 876 3370 omnibus
891 3301 984 3367 rebus
1000 3297 1098 3382 possit

113 3417 196 3480 roric
211 3414 403 3498 copioseque
418 3411 535 3474 dicere.

459 3507 468 3522 ,
582 3514 622 3576 2*
