2466 3966
130 67 189 128 152
225 65 231 79 '
344 83 386 128 nr
409 83 558 130 carrona
584 81 681 126 crasa
704 81 879 126 sscnnnus.

168 231 315 298 LXVIII.
339 233 447 298 Genus
463 232 523 296 hcc
534 231 640 308 Ievius,
655 245 697 308 ct,
712 243 747 294 ut
760 231 833 307 diri,
849 225 1023 308 ornicum,
1045 231 1102 296 sed

126 336 223 400 habet
237 357 461 420 nonnunquam
478 335 593 420 aliquid
609 336 704 399 etiam
724 336 808 418 apud
831 356 888 398 nos
910 333 981 411 Ioci,
995 338 1038 398 'ut
1051 335 1102 399 rei

125 461 188 504 non
205 439 326 518 stultus,
341 442 428 524 quasi
445 441 547 517 stulte,
562 459 635 504 cum
650 439 715 503 sale
735 440 821 503 dicat
833 438 947 520 aliquid
962 457 969 500 :
989 450 1023 502 ut
1035 437 1104 516 tibi,

125 543 254 620 Antoni,
266 543 489 622 Maecianum
501 541 637 608 audisset
650 543 681 608 t'e
693 562 857 608 censorem
871 561 890 607 a
902 543 947 608 M.
960 542 1102 607 Duronio

125 649 165 713 dc
182 649 301 712 ambitu
316 650 515 734 postulatum,
539 647 728 732 Aliquando,
747 646 856 732 inquit,
876 647 932 712 tibi
949 661 1031 711 taam
1050 670 1101 711 ne·

122 739 241 836 gotium
255 776 351 837 agere
367 753 477 818 licebit.
522 752 622 817 Valde
641 753 708 816 baec
730 752 878 830 ridentur,
900 765 943 828 et,
964 753 1103 829 hercule,

123 858 240 934 omnia,
263 878 332 939 quae
355 878 374 920 a
396 857 609 941 prudentibus,
631 857 719 940 quasi
742 878 798 940 per
821 843 1100 922 dissimulationem

123 961 327 1046 intelligendi,
345 961 535 1026 subabsurde
551 960 692 1043 salseque
707 960 861 1026 dicuntur.
906 961 953 1025 Ex
969 982 1032 1044 quo
1046 983 1104 1045 ge·

123 1085 198 1128 nere
214 1075 261 1128 est
276 1065 381 1141 etiam,
403 1086 467 1128 nou
482 1064 578 1129 videri
593 1058 764 1147 iutelligere‘
780 1065 863 1148 quod
879 1064 1043 1149 intelligas,
1066 1077 1102 1130 ut

124 1167 296 1244 Pontidius,
321 1169 452 1243 Qualem
467 1169 637 1246 existimas,
651 1170 704 1253 qni
718 1170 750 1233 in
764 1169 918 1234 adulterio
932 1169 1100 1254 depreben-

121 1271 232 1336 ditnr?
255 1272 396 1337 tardum.-
413 1267 456 1338 'ut
478 1295 549 1358 ego,
572 1275 677 1357 quiin
700 1273 835 1350 delectu,
861 1273 1001 1349 Metello,
1024 1276 1103 1337 cirm-

125 1377 361 1442 excusationem
376 1379 535 1443 oculorum
553 1399 571 1442 a
587 1399 637 1442 me
653 1400 715 1442 non
732 1379 901 1462 acciperet,
916 1391 947 1443 et
962 1374 1099 1453 dixisset,

126 1481 175 1546 Tu
187 1483 285 1566 igitur
296 1483 374 1546 niun
384 1484 490 1548 vides?
514 1483 591 1566 Ego
603 1482 687 1559 verb,
699 1485 837 1565 inquam,
848 1508 869 1548 a
875 1485 969 1568 portd
983 1483 1100 1570 Esqui-

121 1587 183 1650 rinc
195 1586 282 1651 video
294 1586 397 1651 villam
412 1601 511 1652 tunm:
534 1599 568 1650 ut
582 1587 655 1651 iIIud
670 1588 699 1650 N
703 1587 806 1664 asicae,
821 1589 957 1669 quicum
971 1589 1010 1652 ad
1024 1583 1100 1671 poi-¹

121 1703 186 1755 tam
203 1692 337 1783 Ennium
355 1692 496 1766 venisset,
518 1691 619 1772 eique,
632 1690 672 1753 ab
688 1691 767 1756 ostio
783 1684 934 1772 quaerenti
950 1693 1100 1769 Ennium,

104 1838 106 1842 .
120 1794 235 1859 ancilla
247 1793 382 1870 dixisset,
394 1794 478 1857 domi
490 1815 553 1856 non
564 1815 648 1870 esse,
661 1793 779 1857 Nasica
789 1795 894 1872 sensit,
906 1795 988 1859 illam
999 1797 1098 1860 domi·

121 1901 151 1962 ni
168 1899 255 1982 jussu
271 1898 392 1974 dixisse,
415 1910 448 1963 et
462 1898 547 1961 iilum
561 1898 643 1961 intus
658 1917 745 1962 esse:
768 1901 876 1982 paucis
891 1912 962 1984 post
977 1900 1099 1977 diebus,

121 2006 195 2067 ciam
210 2004 249 2068 ad
266 2002 418 2072 Nasicam
433 2004 566 2066 venisset
582 2001 711 2080 Ennius,
733 2014 851 2067 etcum
867 2026 886 2068 a
903 2003 999 2090 jannei
1014 2027 1098 2088 quae-

121 2121 211 2185 reret,
227 2109 384 2173 exclamet
399 2109 528 2184 Nasica,
547 2130 581 2172 se
596 2106 760 2171 dominon
776 2127 863 2172 esse:
885 2121 951 2172 tum
967 2110 1098 2188 Ennius,

125 2213 210 2287 Quid
215 2219 230 2274 .⁹
253 2235 313 2297 ego
328 2235 390 2277 non
404 2235 558 2296 cognosco
579 2234 691 2289 nocem,
706 2211 814 2296 inquit,
826 2220 930 2277 tuam?
953 2213 1016 2278 Hic
1032 2213 1063 2277 N
1066 2237 1099 2278 a·

120 2317 196 2394 sica,
212 2317 315 2381 Homo
330 2340 362 2380 es
376 2317 555 2401 impudens:
578 2339 637 2400 ego
652 2318 718 2382 cnm
733 2330 761 2379 te
777 2339 956 2402 quererem,
970 2319 1097 2382 anciliae

119 2434 181 2484 tuce
193 2419 319 2496 credidi,
334 2433 363 2482 te
377 2420 529 2484 domi-non
545 2443 611 2484 esse
620 2444 633 2501 ,·
655 2433 687 2483 tn
702 2422 776 2484 mibi
789 2445 849 2486 nun
865 2423 966 2486 credis
980 2423 1043 2506 ipo
1052 2430 1068 2482 .⁹

162 2525 219 2588 Est
232 2522 348 2587 bellum
363 2523 436 2587 iliud
451 2509 585 2606 quoque,
600 2545 637 2587 err
653 2546 716 2607 quo
731 2527 766 2602 is,
780 2526 833 2607 qui
848 2527 933 2604 duait,
953 2528 1093 2592 irridetur

118 2630 149 2693 in
162 2651 201 2693 eo
217 2629 284 2712 ipso
298 2649 424 2712 genere,
439 2648 501 2709 quo
513 2628 602 2691 dixit:
625 2639 668 2705 ut,
683 2631 756 2692 crim
769 2630 812 2700 Q.
827 2632 970 2715 Opimius
982 2650 1095 2697 consu·

117 2733 200 2810 iaris,
222 2731 274 2815 qui
298 2731 546 2821 adolescentulus
570 2732 650 2796 male
673 2732 820 2811 audisset,
843 2736 951 2800 festivo
975 2736 1093 2802 bomini

118 2837 230 2923 Egilio,
246 2839 296 2919 qui
309 2838 461 2901 videretur
474 2836 603 2914 mollior,
619 2857 678 2908 uec
690 2850 783 2914 esset,
797 2838 933 2915 dixisset,
952 2839 1038 2911 Quid
1048 2825 1095 2918 tn,

117 2943 233 3026 Egilia
248 2949 339 3006 inea?
361 2943 484 3027 qnarrdo
501 2940 543 3005 ud
556 2965 602 3005 nte
616 2944 701 3006 venis
716 2965 782 3006 cnm
797 2944 848 3004 tud
862 2943 931 3004 coin
947 2956 977 3006 et
991 2943 1092 3008 land?

118 3047 193 3112 Non
202 3045 389 3131 pobiuquit,
403 3046 519 3112 audeo.-
542 3068 612 3110 nam
621 3069 666 3110 me
682 3047 875 3132 adsumosus
887 3049 1092 3126 vetnitmutcr

116 3151 270 3220 accedere.
295 3162 299 3172 '

158 3255 275 3320 LXIX.
300 3254 390 3318 Salsa
404 3267 476 3319 sunt
491 3257 597 3332 etiam,
611 3275 682 3337 quae
697 3254 814 3317 habent
829 3255 1038 3340 suspicionem
1053 3263 1093 3326 ri

116 3361 209 3425 dicuIi
232 3358 543 3443 absconditamque
566 3359 596 3423 in
616 3379 732 3442 genere
747 3371 794 3422 est
810 3359 881 3425 illud
899 3363 1005 3442 Siculi,
1027 3369 1090 3446 cui,
1164 3365 1178 3383 ‘

116 3468 187 3532 cum
201 3464 355 3529 familiaris
366 3465 493 3546 quidam
506 3475 695 3545 quereretur,
721 3463 804 3548 quad
816 3435 944 3546 diceret,
960 3491 1090 3536 uxorem

115 3591 204 3640 suam
219 3568 414 3656 suspendisse
429 3587 462 3632 se
478 3567 517 3637 de
537 3565 613 3646 ficu,
628 3567 747 3639 Amabo
765 3583 804 3650 te,
823 3571 935 3662 inquit,
953 3573 995 3640 dc
1014 3576 1091 3643 milri
