2466 3966
124 84 185 148 104
346 103 390 146 uu
412 103 566 147 ousronu
592 103 690 146 crees
715 99 896 145 sncunuus.
934 71 937 76 ³
1031 95 1035 98 “

122 250 195 314 bat:
216 259 251 314 ut
275 249 380 314 eider'n
404 250 545 314 Carboni
571 249 707 313 tribuno·
725 247 836 330 plebis,
852 245 911 310 stit
927 256 995 309 tum
1013 255 1134 310 mente
1208 253 1209 256 ’

122 351 352 434 rempublicam
370 351 561 435 capessenti,
582 352 620 414 P.
644 351 811 414 Africanus
836 349 944 412 de‘Ti.
970 349 1135 412 Graeelro

122 455 340 538 interroganti,
356 455 575 537 responderat,
594 454 664 536 jure
680 473 799 516 caesum
814 451 930 538 rideri.
976 450 1054 513 lure
1071 471 1134 516 au·

123 557 314 638 temomniu
329 557 554 631 defenduntur,
576 575 648 638 quoe
664 567 736 617 sunt
763 554 829 636 ejus
844 554 980 636 generis,
1006 563 1041 615 ut
1070 563 1132 616 aut

123 661 308 743 oportuerit,
325 670 380 722 aut
395 659 527 734 licuerit,
544 668 599 721 aut
614 679 745 721 necesse
762 656 863 731 suerit,
876 667 930 718 aut
942 656 1138 744 impruden-3

83 813 88 823 .
123 763 175 838 rit,
205 773 259 824 out
275 781 365 836 casu,
380 761 467 824 saeta
484 781 553 823 esse
569 762 743 824 videantur.
788 759 862 822 Jam
889 758 964 839 quid
981 769 1131 835 vocetur,

76 875 77 884 ’
123 865 284 945 quaeritur,
300 867 385 938 orlm,
402 883 467 944 qno
479 863 576 926 verbo
592 864 666 942 quid
681 861 909 945 appellandum
925 861 976 935 sit,
990 871 1130 923 conten·

61 965 64 971 '
122 967 228 1040 ditur3
251 975 286 1028 ut
313 965 387 1028 milri
414 965 473 1047 ipsi
488 985 564 1053 cum
579 966 641 1029 hoc
669 965 813 1048 Sulpicio
838 964 896 1027 snit
922 965 953 1026 in
975 963 1129 1028 Norbani

123 1069 221 1131 cause
236 1089 363 1131 summa
378 1068 559 1131 contentio:
583 1068 735 1150 pleraque
751 1067 837 1130 enim
852 1068 892 1129 de
909 1067 955 1140 iis,
981 1087 1055 1148 quae
1084 1067 1128 1130 ab

123 1169 184 1240 isto
200 1171 441 1254 objiciebantur,
468 1174 542 1234 cirin
559 1172 738 1246 confiterer,
750 1179 860 1234 tamen
878 1164 989 1232 abillo
1012 1170 1128 1253 nrsjes·

125 1284 225 1337 tatem
241 1275 397 1336 minutam
413 1275 592 1357 negabam:
614 1295 653 1337 ex
669 1295 731 1354 quo
748 1273 856 1350 verbo,
888 1273 1127 1356 legeApuleiai,
1208 1347 1209 1352 η

124 1387 193 1440 tota
209 1377 261 1440 illa
284 1397 383 1440 eausa
408 1377 580 1458 pendebat.
627 1377 737 1463 Atque
750 1377 781 1438 in
800 1376 863 1438 hoc
878 1395 996 1460 genere
1013 1393 1127 1440 eausa·

124 1501 193 1542 rum
206 1479 347 1544 nonnulli
364 1479 563 1562 praeeipiunt‚
578 1489 613 1542 ut
628 1481 758 1542 verbum
775 1477 862 1554 illud,
887 1480 972 1559 qnod
989 1499 1124 1542 causam

26 1653 29 1660 ,
122 1581 211 1656 lacit,
236 1582 341 1644 lucide
364 1581 563 1662 breviterque
584 1581 726 1652 definiat.
772 1581 872 1649 Quod
900 1581 975 1643 milri
993 1580 1124 1661 quidem

125 1702 279 1763 perquam
297 1681 420 1764 puerile
432 1682 529 1744 videri
553 1675 652 1743 solet:
677 1683 802 1745 aliaest
824 1683 921 1758 enim,
943 1685 1017 1745 crim
1042 1683 1125 1746 inter

123 1785 239 1846 doctos
256 1783 411 1858 hemines,
427 1784 468 1845 de
484 1783 519 1844 iis
536 1782 609 1864 ipsis
625 1779 717 1846 rebus
734 1805 806 1866 quae
821 1795 984 1848 versantur
1000 1785 1030 1846 in
1053 1785 1125 1848 arti·

123 1868 192 1962 bus,
207 1887 396 1968 disputetur,
422 1885 596 1948 verborum
615 1886 781 1963 definitio,
801 1899 847 1964 ut,
874 1893 946 1951 crim
964 1889 1124 1968 quaeritur,

123 1990 198 2070 quid
229 1990 268 2052 sit
284 2009 345 2064 ars,
361 1989 436 2070 quid
452 1989 491 2052 sit
507 1989 568 2065 lex,
581 1991 656 2070 quid
669 1991 708 2052 sit
722 1990 852 2053 civitas:
877 1993 907 2054 in
931 1993 1044 2072 quibus
1060 1993 1123 2056 hoc

125 2093 269 2177 praecipit
286 2093 366 2156 ratio
383 2103 480 2174 atque
496 2093 653 2169 doctrina,
668 2104 702 2157 ut
718 2093 761 2155 vis
778 2095 844 2177 ejus
859 2095 914 2170 rai,
934 2115 1030 2174 quern
1047 2094 1123 2158 defi·

124 2197 203 2272 nias,
226 2196 273 2260 sic
291 2196 496 2279 exprimatur,
522 2207 556 2258 ut
572 2217 675 2276 neque
700 2196 782 2259 absit
808 2197 993 2277 quidquam,
1017 2217 1122 2280 neque

123 2301 267 2381 supersit.
313 2299 413 2368 Quod
429 2299 557 2379 quidem
576 2299 606 2361 in
633 2298 684 2362 itte
707 2298 805 2362 causi
830 2320 934 2382 neque
963 2300 1121 2383 Sulpicius

122 2401 209 2475 secit,
225 2422 330 2482 neque
357 2421 419 2483 ego
435 2401 541 2470 facere
558 2412 693 2464 conatus
720 2423 800 2465 sum.
845 2403 876 2474 N
881 2423 943 2476 am,
966 2415 1122 2485 quantum

24 2539 41 2547 --
117 2514 258 2584 uterque
286 2503 427 2565 nostrirm
455 2504 568 2585 potuit,
591 2504 678 2566 omni
705 2503 798 2588 cupii
823 2504 951 2568 dicendi
967 2505 1120 2584 dilatuvit,

122 2608 197 2688 quid
214 2617 297 2674 esset
314 2607 514 2690 majestatem
543 2608 694 2672 minuere.
740 2609 868 2672 Etenim
896 2608 1038 2672 definitio
1063 2612 1121 2692 pri·

123 2714 222 2786 mrim,
248 2709 442 2793 reprehenso
469 2710 565 2773 verbo
591 2732 667 2787 une,
695 2723 750 2774 aut
777 2711 897 2787 addito,
924 2726 979 2775 aut
1002 2713 1120 2791 demto,

78 2837 81 2844 ¹
120 2817 208 2896 saepe
234 2825 440 2895 extorquetur
463 2813 662 2876 emonibus:
685 2815 802 2878 deinde
818 2837 936 2897 genere
962 2817 1032 2898 ipso
1047 2817 1120 2880 doc·

121 2916 371 2978 trinamredolet
381 2917 704 2998 exercitationemque
718 2921 810 3000 paene
821 2919 988 3000 puerilem:
1012 2932 1077 2981 tum
1089 2933 1120 2984 et

24 3055 25 3064 κ
121 3017 296 3080 insensum
313 3029 346 3080 et
360 3019 391 3081 in
410 3032 551 3096 mentem
572 3021 686 3104 judicis
702 3021 818 3084 intrare
834 3043 898 3083 non
915 3033 1032 3104 potest,
1048 3027 1118 3088 ante

120 3121 208 3182 enim
225 3120 467 3202 praeterlabitur,
483 3125 578 3205 quam
595 3135 749 3208 percepta
764 3133 822 3187 cst.

166 3223 286 3289 XXVI.
311 3221 377 3288 Sed
390 3225 421 3287 in
435 3247 474 3288 eo
487 3249 616 3308 genere,
629 3227 659 3290 in
672 3249 747 3309 que,
760 3227 854 3308 quale
869 3229 908 3291 sit
924 3229 1010 3310 quid,
1024 3233 1118 3296 ambi·

123 3327 215 3409 gitur,
231 3326 352 3389 exsistit
367 3328 463 3390 etiem
480 3351 518 3391 ex
535 3329 643 3412 scripti
668 3331 929 3414 interpretatione
946 3337 1031 3416 saepe
1047 3357 1116 3397 con·

122 3429 234 3506 tentio,
250 3431 280 3491 in
297 3449 361 3510 quo
377 3431 586 3513 nullupotest
598 3455 678 3508 essa,
695 3436 751 3497 nisi
765 3457 804 3498 ex
817 3437 980 3520 ambiguo,
996 3450 1116 3502 contro-

122 3535 232 3598 versia.
277 3533 363 3602 Nam
380 3532 455 3596 illud
472 3535 584 3620 ipsum,
601 3539 674 3598 cunr
692 3539 844 3626 scriptum
858 3563 881 3630 ¹¹a
893 3543 1050 3609 sententia
1062 3545 1115 3612 dis·
