2400 3980
138 125 158 179 4
380 140 422 182 DE
445 138 595 182 ΟΒΔΤΟΒΕ
618 139 715 182 LIBER
738 139 867 182 sattius.

138 275 289 350 contineri
312 278 470 364 statuum}
492 298 526 351 tu
542 298 648 352 autem
670 287 754 352 illam
771 287 811 351 ab
827 284 984 370 elegantiis
997 285 1111 350 doctri-

91 463 113 480 ..·
137 410 188 454 nae
202 391 432 476 segregandam
447 401 549 476 putes,
568 402 600 456 et
616 392 646 455 in
661 393 800 476 quodam
817 389 933 474 ingenii
948 400 1045 474 atque
1060 408 1111 454 ex·

124 491 328 585 ,leroitationis
342 516 458 580 genere
473 483 665 579 ponendum.
890 488 892 492 ’

181 598 228 663 Ac
244 599 317 663 mihi
332 600 470 682 quidem,
484 621 701 683 saepenumero
713 599 744 663 in
760 621 898 676 summos
913 599 1055 664 homines
1071 621 1110 662 ac

136 704 264 766 summis
278 704 409 786 ingeniis
435 688 581 788 proedilos
597 704 738 780 intuenti,
767 703 972 788 quaerendum
988 725 1055 768 esse
1070 705 1112 766 vi-

137 829 205 871 sum
220 817 278 883 est,
300 807 481 890 quidemst,
503 829 558 872 cur
572 807 674 892 plures
690 809 721 871 in
737 807 881 872 omnibus
896 806 999 883 rebus,
1016 811 1110 890 quam

135 910 166 974 in
178 910 314 976 dicendo
326 911 524 976 admirabiles
536 912 743 976 exstitissent:
766 933 852 987 nem,
877 910 1066 994 quocunque
1079 923 1111 974 te

137 1015 243 1079 animo
258 1026 290 1080 et
305 1017 496 1100 cogitatione
517 1016 715 1100 converteris,
737 1015 907 1099 permultos
923 1015 1113 1080 excellentes

136 1119 168 1182 in
183 1139 308 1204 quoque
332 1141 449 1204 genere
463 1120 592 1212 videbis,
615 1141 678 1184 non
694 1119 900 1183 mediocrium
917 1119 1040 1194 artium,
1055 1119 1112 1182 sed

136 1225 235 1308 prope
260 1225 477 1298 maximarum.
522 1224 603 1304 Quis
629 1225 793 1300 animost,
818 1223 882 1306 qui,
908 1223 933 1286 si
957 1222 1113 1287 clarorum
1158 1229 1161 1234 ’

136 1325 298 1393 hominum
324 1328 500 1406 scientiam,
526 1350 628 1393 rerum
653 1339 813 1412 gestorum
837 1313 1041 1391 velutilitute
1063 1328 1115 1392 vel

134 1433 468 1518 magnitudinemetiri
483 1432 565 1510 velit,
580 1455 643 1497 non
660 1443 834 1518 anteponat
849 1434 965 1498 oratori
979 1433 1115 1524 impera·

135 1525 254 1601 tdreml
299 1536 381 1606 Quis
397 1550 502 1602 eutem
517 1537 650 1614 dubitet,
673 1538 748 1620 quin
764 1537 837 1602 belli
852 1538 949 1602 duces
964 1549 1115 1621 praestan-

35 1715 37 1722 γ
134 1641 269 1726 tissimos
284 1661 322 1704 ex
337 1641 399 1705 huc
414 1640 476 1704 und
491 1641 617 1706 civitate
641 1654 733 1725 paen'e
748 1641 1000 1718 innumerabiles,
1023 1643 1054 1704 in
1069 1643 1115 1706 di·

70 1801 76 1818 ,
134 1745 237 1810 condo
253 1755 360 1810 autem
375 1744 565 1809 excellentes
579 1745 629 1808 vix
644 1765 764 1828 paucos
783 1743 920 1828 proferre
936 1729 1114 1829 possimus?

135 1849 207 1916 Jam
222 1850 306 1928 vero,
321 1850 451 1914 consilio
467 1844 506 1915 ac
521 1848 674 1934 sapientis
688 1850 742 1933 qui
756 1871 865 1935 regere
882 1871 920 1914 ac
934 1851 1115 1935 gubernare

133 1955 362 2040 rempublicam
382 1965 521 2038 possent,
547 1955 635 2018 multi
650 1954 765 2031 nostrii,
791 1954 894 2038 plures
909 1967 1033 2038 patrum
1049 1962 1114 2022 mess

133 2057 242 2136 morid,
258 2069 353 2142 atque
369 2059 464 2123 etiam
481 2059 634 2143 majorum
650 2059 843 2135 exstiterunt,
868 2062 940 2123 clim
956 2059 1030 2124 boni
1046 2083 1115 2144 per.-

134 2163 187 2227 diu
202 2162 287 2241 nulli,
308 2163 357 2228 vix
373 2173 479 2226 autem
495 2162 623 2248 singulis
639 2163 784 2226 natatibus
806 2162 918 2248 singuli
934 2162 1125 2230 tolerabiles

134 2278 275 2332 oratores
298 2267 518 2332 invenirentur.
562 2267 621 2343 Ao,
636 2288 677 2330 ne
692 2267 761 2349 quis
776 2267 855 2331 sorte
880 2289 953 2330 cum
970 2268 1036 2331 aliis
1051 2281 1114 2333 stu·

135 2372 203 2448 diis,
226 2393 297 2454 quae
313 2371 480 2436 reconditis
505 2371 535 2436 in
552 2371 679 2448 artibus,
706 2387 801 2454 utque
817 2372 847 2434 in
863 2371 1001 2454 quddam
1017 2374 1114 2438 varios

134 2485 200 2542 tate
214 2474 372 2539 literarum
388 2486 571 2555 versentur„
582 2475 685 2558 magis
701 2475 784 2540 hanc
799 2475 924 2540 dicendi
948 2477 1115 2556 rationem,

134 2582 229 2664 quem
253 2601 327 2644 cum
349 2578 545 2662 imperatoris
568 2578 673 2656 laude,
699 2591 753 2643 aut
768 2601 841 2643 eum
862 2579 937 2644 boni
959 2584 1114 2646 senatoris

134 2681 299 2770 prudentie
322 2683 571 2766 comparandum
597 2693 706 2767 putet;
727 2685 1053 2786 convertutaanimum
1072 2689 1113 2752 ud

134 2810 173 2854 ea
188 2789 257 2873 ipsa
271 2787 383 2851 artium
398 2809 527 2872 genera,
542 2787 848 2871 circumspiciasque,
863 2790 916 2871 qui
931 2789 962 2852 in
974 2789 1009 2853 iis
1021 2790 1115 2856 floru-

135 2893 224 2969 erint,
239 2893 396 2974 qnamque
413 2891 515 2954 multis
538 2891 582 2956 sio
595 2891 750 2968 facillime,
766 2904 886 2975 quanto
901 2905 1061 2958 oratorum
1073 2896 1115 2960 sit

134 3016 321 3080 semperque
335 2995 426 3059 fuerit
442 2995 595 3078 paucitas,
605 2995 769 3080 judicabit.

176 3081 234 3166 ΠΙ.
257 3098 371 3182 Neque
384 3099 467 3162 enirn
480 3109 510 3162 te
523 3099 611 3184 fugit,
627 3100 740 3164 artium
756 3099 900 3164 omnium.
911 3099 1114 3168 laudatorum

133 3203 571 3289 procreatricem,quandam,⁴
584 3214 614 3266 et
630 3203 720 3285 quasi
735 3215 899 3286 parentem
915 3225 997 3282 eam,
1012 3228 1114 3291 quam

132 3310 282 3396 porciolas
298 3307 403 3372 Graeci
418 3317 543 3383 vocant,
567 3307 608 3371 ab
624 3306 801 3372 horninibus
824 3308 1011 3374 doctissimis
1030 3310 1114 3394 judi·

135 3409 218 3489 cari3
242 3412 274 3476 in
289 3409 351 3496 qud
365 3409 491 3475 difficile
513 3422 561 3474 est
582 3431 777 3488 enumerare,
803 3422 880 3495 quot
904 3413 968 3490 viri,
990 3417 1114 3498 quantd

134 3516 273 3592 scientie,
287 3513 467 3599 quanteque
482 3515 513 3578 in
525 3514 587 3578 suis
602 3515 710 3580 studiis
727 3515 876 3581 varietate
891 3528 923 3582 et
938 3517 1031 3601 copie
1045 3518 1116 3584 fue=

133 3621 203 3702 rint,
217 3621 271 3708 qui
285 3640 349 3685 non
365 3617 427 3684 und
442 3617 545 3704 aliqud
561 3619 591 3685 in
607 3642 640 3686 re
651 3621 821 3707 separatim
837 3621 1036 3706 elaborirint,
1052 3626 1116 3694 sed

317 3787 333 3815 ff
