2458 3972
164 101 225 162 8³0
336 105 338 112 “
398 111 440 158 os
464 110 614 158 ossum
630 110 726 158 urm
748 107 898 158 recurre.

164 263 276 330 borum
288 259 365 328 suls
376 261 490 330 decue
504 261 631 338 endum.
674 261 828 334 Probctur
840 271 947 336 cute·
960 259 1001 328 ul»
1016 259 1137 328 codem

164 367 216 434 illo
238 366 372 432 maxime
396 387 510 452 pecu3
530 366 584 450 qui
608 377 655 432 est
669 366 792 452 duplex.
835 366 920 432 Nem
932 375 988 430 uut
1002 385 1022 430 u
1037 363 1139 450 louge

164 470 269 550 oritur,
288 491 381 553 quum
397 481 459 536 tres
473 469 582 536 breves
605 481 848 554 consequuntur,
872 480 907 534 ut
931 469 1001 537 hec
1025 469 1138 545 serbe,
1202 463 1216 616 ‘p

161 573 303 652 creatu,
326 573 461 658 incipite,
475 573 681 658 comprimit05
704 585 792 638 cute
814 573 957 638 brevibus
981 571 1138 656 deinceps
1178 565 1181 572 ’
1212 613 1216 708 p

152 679 270 758 ¹tribus,
294 676 433 744 extremi
457 675 619 762 producte,
643 688 738 759 utque
752 677 855 764 longe,
869 677 949 741 sicut
974 675 1025 740 ille
1049 687 1139 752 sunt,

161 779 533 866 domueruntscuipedes.
576 781 680 864 Atque
700 777 741 845 illi
753 781 938 866 philosopho
959 779 1052 844 ordiri
1068 778 1137 863 plu·

165 898 217 952 cet
243 908 262 950 u
286 883 441 970 superiore
467 903 589 968 paeoue,
612 885 782 970 posteriore
804 883 900 950 finire.
944 883 1001 948 Est
1025 893 1136 946 cutem

72 1058 74 1066 Α
164 1011 256 1076 psecn
268 989 319 1054 hic
330 988 491 1074 posterior,
505 1009 568 1054 sou
591 988 778 1076 syllabarum
790 1007 930 1065 numero,
941 987 996 1052 sed
1012 986 1136 1052 surium
1209 961 1216 1082 i

166 1093 320 1170 mensuri,
334 1093 418 1176 quod
434 1103 481 1158 est
507 1092 607 1158 curius
628 1092 778 1178 judicium
804 1103 836 1158 et
850 1091 973 1168 certius,
998 1111 1056 1176 per
1070 1089 1139 1156 scre
1210 1093 1216 1180 *j

167 1197 295 1275 cretico,
304 1197 358 1280 qui
368 1208 416 1263 cst
430 1218 468 1262 ex
483 1194 577 1281 longe
590 1187 622 1262 et
637 1195 722 1262 brevi
736 1207 768 1262 et
779 1195 890 1281 louge:
920 1207 954 1260 ut
1167 1195 1170 1202 '
1210 1203 1216 1320 p

1162 1389 1164 1395 ’
1215 1381 1216 1432 l

257 1367 321 1424 Quid
331 1369 411 1430 petum
421 1364 532 1428 presidii,
543 1368 585 1413 cut
595 1365 733 1427 exsequor?
749 1379 827 1426 quove
838 1365 921 1414 nunc?

166 1519 267 1598 Aque
291 1532 422 1580 numero
444 1523 627 1578 exorsuscst
642 1511 789 1589 Fannius,
807 1512 855 1588 Si,
873 1510 1021 1587 Quirites,
1035 1510 1138 1576 rusus
1179 1511 1187 1534 ““
1215 1511 1216 1516 ’

159 1619 259 1686 illius.
303 1618 397 1682 Hunc
408 1617 458 1681 ille
473 1616 617 1682 clausulis
630 1617 781 1701 aptiorem
795 1626 895 1700 putet,
906 1637 984 1698 ques
994 1615 1058 1679 vult
1069 1614 1138 1680 lou·
1213 1601 1216 1620 ⁴

167 1723 208 1807 ge
222 1721 403 1806 plerumque
414 1719 532 1806 syllabis
545 1720 712 1784 terminari.

208 1823 354 1890 XLVlll.
377 1823 490 1906 Neque
501 1822 574 1888 vere
589 1823 658 1888 lucc
670 1834 735 1888 tarn
751 1845 855 1888 ocrem
872 1843 979 1888 curem
1005 1821 1136 1908 diligen·

166 1930 305 2012 tiuurque
320 1926 508 2005 desiderent,
533 1929 625 2010 quem
641 1936 688 1992 est
709 1927 762 1992 ills
788 1932 970 2020 poetarum,
990 1946 1067 2008 quos
1082 1947 1137 1992 ue·

156 2016 296 2099 ¹cessitu's
310 2031 406 2117 cogit,
420 2041 452 2096 et
477 2031 534 2116 ipsi
559 2031 679 2096 numeri
702 2050 740 2096 oc
756 2034 850 2109 modi,
876 2033 921 2096 sic
935 2032 1031 2096 verbu
1045 2051 1138 2096 versu
1215 2045 1216 2130 p

168 2138 337 2214 includere,
351 2147 385 2212 ut
399 2135 473 2200 nihil
487 2135 535 2213 sit,
550 2157 590 2200 ne
601 2136 708 2220 spiritu
720 2135 846 2220 quidem
861 2136 1000 2212 minimo,
1014 2135 1137 2200 brevius
1207 2129 1216 2154 '⁴

169 2241 354 2327 cutlongius
376 2241 469 2322 quem
494 2259 622 2304 neccsse
636 2249 693 2304 est.
735 2239 875 2305 Liberior
900 2251 947 2305 est
961 2239 1083 2317 crsti03
1104 2250 1137 2305 et

169 2348 272 2433 plane,
283 2357 317 2409 ut
328 2344 450 2420 dicitur,
464 2343 508 2407 sic
520 2355 553 2408 et
566 2353 613 2408 est
624 2346 694 2408 vere
705 2343 807 2407 soluta
816 2367 829 2426 ,·
851 2364 915 2408 uon
930 2353 963 2408 ut
978 2344 1077 2430 lugiet
1091 2355 1137 2410 ts·
1210 2331 1216 2476 ,p

170 2469 253 2525 men,
269 2457 322 2512 sut
336 2455 426 2522 erret,
440 2447 495 2510 sed
510 2456 554 2522 ut,
568 2445 635 2510 siue
645 2445 784 2523 vinculis,
795 2447 852 2511 sibi
866 2448 934 2532 ipse
949 2449 1137 2515 moderetur.
1215 2493 1216 2502 κ

170 2552 316 2633 Namque
331 2569 391 2633 ego
402 2547 475 2610 illud
492 2549 642 2613 assentior
657 2549 886 2635 Theophrasto,
901 2551 954 2634 qui
966 2561 1054 2635 putat
1069 2573 1138 2618 ors·
1188 2549 1191 2556 ’
1215 2549 1216 2622 ζ

170 2659 299 2734 tionem,
313 2673 383 2738 quae
398 2652 524 2736 quidem
537 2653 576 2717 sit
586 2653 682 2738 polito
693 2664 786 2736 etque
797 2655 881 2720 lecte
893 2656 1139 2739 quodammodo,

171 2783 235 2828 non
247 2759 403 2834 adstricte,
427 2757 482 2822 sed
508 2755 673 2835 remissius,
687 2779 886 2824 numerosum
901 2781 968 2824 csse
983 2770 1138 2842 oportere.

172 2864 309 2940 Etenim,
333 2845 477 2926 sicutille
492 2860 675 2946 suspicatur,
699 2883 738 2926 ex
753 2862 809 2926 illis
827 2863 936 2940 modis,
961 2863 1072 2946 quibus
1087 2863 1138 2931 hic
1215 2905 1216 2924 r

171 2970 300 3034 usitatus
314 2986 418 3030 versus
441 2963 582 3041 efficitur,
597 2977 668 3051 post
693 2977 881 3050 anapestus,
903 2967 1060 3051 procerior
1074 2967 1138 3051 qui·

172 3074 247 3138 dem
272 3089 428 3145 uumerus,
452 3068 599 3148 effloruit,
624 3071 696 3135 inde
722 3068 771 3134 ille
796 3069 938 3136 licentior
962 3082 994 3136 et
1017 3071 1139 3156 divitior
1215 3093 1216 3098 ¹

13 3223 16 3232 .
62 3226 65 3235 s
172 3161 1168 3260 lluxitrlithyrembus3cujusmembruetpedcsmtuitidcm,1

173 3289 245 3344 suut
258 3279 289 3342 in
305 3276 389 3342 omui
404 3275 551 3360 locupleti
565 3278 706 3343 oratione
720 3276 842 3342 diffusa.
885 3276 937 3356 Et,
951 3279 976 3342 si
997 3301 1139 3346 numero·

170 3397 242 3448 sum
256 3383 306 3446 est
317 3382 348 3446 id
366 3382 398 3445 iu
413 3379 556 3446 omnibus
577 3381 659 3446 souis
685 3392 779 3464 utque
794 3382 931 3459 vocibus,
946 3383 1030 3466 quod
1044 3384 1139 3452 hebet
1211 3393 1216 3449 l

172 3485 327 3570 quasdem
349 3484 575 3569 impressiones,
598 3485 725 3567 etquod
750 3486 850 3552 metiri
872 3507 1036 3572 possumus
1049 3487 1139 3556 luter·

174 3579 462 3672 vullisaeq'uulibus3
483 3591 568 3654 recte
581 3603 681 3674 genus
695 3588 757 3656 lroc
768 3609 977 3668 numerorum,
998 3591 1153 3660 dummo'
1208 3633 1216 3690 4

1214 3695 1216 3740 l
