2400 3980
176 106 216 164 56
428 121 469 166 nn
492 119 640 166 caranus
656 119 755 166 ursan
769 121 896 166 aarum.

221 269 291 354 Ego
306 265 390 346 rard,
404 267 511 352 inquit,
526 287 673 354 pergam:
695 279 728 335 et
742 270 772 334 id
787 270 912 346 faciam,
927 267 1017 352 quod
1037 267 1078 334 in
1094 271 1174 354 prir

180 373 262 458 cipio
284 372 349 436 fieri
370 372 400 437 in
418 369 561 437 omnibus
585 374 842 457 disputationibus
857 389 1002 460 oportere
1020 396 1174 440 censeo

179 488 223 554 ut,
234 475 306 557 quid
318 474 389 540 ittud
401 477 449 553 sit,
460 477 500 540 de
510 497 570 558 quo
580 476 761 560 disputetur,
772 477 967 562 explanatum
990 499 1041 544 ne
1053 499 1174 564 vager

180 593 212 646 ct
227 601 330 644 errare
351 591 483 664 cogatur
504 581 613 657 oratio,
635 581 660 644 si
681 581 711 656 ii,
732 581 784 662 qui
798 582 876 646 inter
891 603 924 646 se
939 583 1174 650 dissenserint

181 706 244 750 non
260 683 342 748 idem
357 705 424 748 esse
439 684 522 770 illud,
537 684 652 765 quode
668 685 777 768 agitur,
792 685 974 770 intelligant.
1024 686 1064 750 N
1066 706 1142 764 arn,
1158 709 1174 750 s

180 789 258 854 sorte
275 799 470 870 quaereretur,
492 809 561 868 quae
575 799 656 852 esset
672 811 720 852 ors
735 789 938 872 imperatoris,
960 790 1171 854 constituero

181 894 256 956 dum
278 904 419 975 putarem
441 891 601 974 principio,
623 893 689 971 quis
707 902 788 956 esset
802 891 988 976 imperator:
1015 892 1075 974 qui
1093 896 1174 956 cum

181 1005 264 1060 esset
275 995 458 1059 constitutus
470 995 698 1059 administrator
710 992 836 1076 quidam
847 995 919 1058 belli
930 997 1082 1080 gerendi,
1100 1007 1174 1060 tum

183 1099 419 1184 adjungeremus
434 1099 474 1162 de
490 1099 635 1174 exercitu,
656 1098 830 1175 decoetus,
851 1100 891 1162 de
912 1099 1174 1182 agminibus-de

183 1202 341 1286 signorum
356 1202 581 1277 collationibus
602 1203 642 1266 dc
657 1202 842 1286 oppidorum
857 1204 1172 1288 oppugnationibus,

184 1307 225 1372 de
247 1318 435 1383 commeatu,
460 1306 499 1370 de
523 1306 636 1392 insidiis
658 1306 807 1370 faciendis
830 1319 923 1388 atque
945 1308 1096 1386 vitandis,
1123 1312 1170 1376 de

183 1410 305 1492 reliquis
327 1410 429 1486 rebus,
451 1429 520 1491 quaa
542 1420 646 1474 essent
666 1405 797 1494 pr'opriae
813 1409 883 1474 belli
898 1408 1166 1490 administrandi:

183 1535 314 1598 quarum
328 1514 379 1595 qui
394 1525 498 1578 essent
513 1514 617 1577 animo
632 1531 664 1577 et
678 1513 807 1578 scientia
821 1525 994 1598 compotes,
1015 1538 1073 1582 eos
1088 1539 1162 1583 asse

185 1617 546 1701 imperatoresdicerem3
566 1627 729 1698 utererque
739 1619 887 1702 exemplis
895 1618 1117 1686 Africanorum
1125 1634 1159 1688 et

187 1721 413 1794 Maximorum
436 1719 688 1802 Epaminondam
703 1731 796 1802 atque
812 1722 1035 1800 Hannibalern,
1058 1736 1155 1808 atque

170 1826 250 1911 ¹ejus
265 1824 386 1909 generis
402 1821 541 1886 homines
556 1823 759 1890 nominarem.
803 1826 857 1890 Sin
875 1837 980 1892 autem
1002 1849 1152 1909 quaerere·

189 1926 1149 2012 mus‚quisassetis‚quiadrempublicammoderandamusunr‚

188 2046 221 2098 at
234 2032 406 2108 scientiam,
420 2043 453 2094 et
467 2031 600 2094 studium
615 2052 703 2094 suurn
713 2033 903 2112 contulisset,
918 2036 1076 2102 definirem
1087 2038 1146 2104 hoc

99 2134 102 2140 ’
189 2138 298 2204 modo:
313 2136 374 2219 qui
383 2134 1145 2241 quibusrebusutilitasreipublicaeparareturauge-

188 2254 342 2326 ratusque,
355 2251 474 2304 teneret
477 2240 591 2323 ‚iisque
603 2250 751 2317 uteretur3
772 2241 854 2306 hunc
866 2242 1039 2326 reipublicae
1049 2258 1142 2312 recto·

176 2367 265 2420 rem,
287 2357 318 2407 et
337 2344 455 2407 consilii
470 2342 583 2425 publici
599 2354 759 2407 auctorem
774 2365 840 2410 esse
856 2346 1048 2412 habendum:
1069 2371 1139 2433 prra-

189 2449 389 2527 diceremque
404 2445 438 2508 P.
454 2445 631 2521 Lentulum,
645 2447 815 2531 principem
828 2449 922 2527 illum,
937 2465 970 2516 et
989 2452 1033 2518 Ti.
1048 2454 1139 2520 Grac·

154 2559 156 2564 ’
185 2551 284 2614 'chum
300 2559 430 2633 patrem,
444 2558 477 2612 ot
498 2547 541 2618 Q.
565 2548 736 2628 Metellum,
758 2563 789 2616 et
804 2553 838 2636 P,
854 2554 1038 2634 Africanum,
1057 2569 1086 2624 at
1100 2561 1134 2626 C.

191 2651 334 2728 Laelium,-
348 2663 380 2716 et
401 2651 639 2716 innumerabiles
664 2652 739 2717 alios
759 2659 831 2720 curn
846 2680 884 2722 ex
899 2660 1001 2725 nostrai
1013 2662 1134 2741 civitate,

191 2769 257 2822 tum
272 2778 309 2822 ex
324 2756 451 2821 caeteris.
495 2755 550 2818 Sin
566 2766 670 2820 autem
685 2772 882 2840 quaereretur,
904 2765 1037 2845 quisnam
1052 2767 1132 2851 juris·

191 2861 348 2926 consultus
359 2863 428 2924 vera
440 2859 665 2938 nominaretur3
685 2882 757 2926 eum
769 2863 916 2944 dicarem,
931 2868 1130 2954 quile'gum‚et

191 2965 420 3030 consuetudinis
432 2964 507 3048 ejus,
518 2962 578 3047 qud
590 2965 699 3048 privati
710 2967 740 3036 in
752 2967 875 3034 civitate
888 2981 1044 3050 uterentur,
1053 2984 1079 3040 at
1090 2977 1127 3041 ad

192 3066 451 3151 respondendum,
466 3079 497 3132 et
508 3069 547 3132 ad
560 3070 767 3148 scribendum,
782 3084 814 3136 et
825 3073 864 3136 ad
875 3072 1058 3154 cavendum,
1059 3082 1126 3162 pari-

161 3165 172 3190 *
192 3181 242 3235 tus
254 3179 352 3234 esset:
374 3181 406 3234 et
420 3192 458 3234 ex
472 3193 511 3234 eo
525 3193 639 3256 genere
655 3174 726 3239 Sex.
740 3175 864 3254 dilium,
879 3177 925 3240 Μ’
927 3179 1079 3259 Mandrum,
1092 3184 1122 3250 P

193 3273 332 3338 Mucium
347 3273 548 3339 nominarem.

233 3375 350 3440 XLIX.
373 3376 485 3457 Atque,
496 3388 529 3441 ut
536 3398 601 3462 jam
614 3381 654 3444 ad
666 3379 779 3446 leviora
789 3386 898 3451 artium
908 3389 1120 3472 studiarenrarn,

193 3479 218 3544 si
240 3478 382 3554 musicus,
403 3480 428 3542 si
449 3482 680 3563 grammaticus,
701 3485 725 3548 si
744 3491 837 3568 poeta
851 3503 1007 3572 quaeratur,
1025 3497 1117 3579 possim

193 3581 328 3650 rrmdrter
338 3580 503 3666 explicare,
514 3582 585 3664 qurd
597 3606 702 3650 eorum
712 3609 838 3672 quisque
848 3595 1026 3678 profiteatur,
1035 3609 1117 3684 atquo
