2466 3966
149 123 208 189 ts't
375 147 419 190 nn
434 129 584 194 ostense
600 145 696 189 rrum
712 143 890 188 srreursus.

144 272 217 359 clun
232 295 296 380 ejus
311 294 424 358 tabulis
438 294 589 378 quiddam
603 291 750 358 ‘Albucio
765 291 930 376 probatum
954 290 1116 366 videretur,

144 399 281 462 et'velde
295 399 437 464 absoluto
453 397 595 464 Scaerclei
609 398 780 482 gauderem
804 416 906 478 neque
922 393 1116 478 intelligeret,

144 499 753 590 contresuustubulusessejudicetum.
829 499 846 536 ⁹⁶
932 499 949 536 ’⁵
1033 498 1130 566 Huic,

143 605 249 670 similis
264 619 311 672 est
326 607 421 672 etiem
441 606 613 670 admonitio
628 606 658 670 iu
675 604 805 670 consilio
819 603 925 668 dendo
951 603 1118 678 familiaris,

144 723 189 788 ut,
204 715 276 777 clun
292 727 424 796 patrono
437 711 530 786 melu,
542 713 615 774 clun
624 729 736 774 vocem
745 709 774 772 in
788 708 923 772 dicendo
935 707 1117 783 obtudisset,

143 816 297 880 suadebat
314 815 459 892 Granius,
478 825 512 878 ut
523 815 655 903 mulsum
671 813 816 896 frigidum
832 813 962 891 biberet,
976 813 1065 876 simul
1079 835 1118 878 nc

142 919 271 984 domum
287 919 436 984 redisset:
460 918 607 996 Perdam,
632 917 741 1000 inquit,
755 939 867 993 uocem,
892 916 920 982 si
934 917 968 980 id
983 919 1117 1002 fecero:

143 1021 261 1086 Melius
277 1036 332 1100 est,
354 1023 461 1105 inquit,
474 1023 561 1108 qudrn
575 1045 668 1088 reum.
713 1021 833 1086 Bellum
850 1021 946 1085 etiem
962 1035 1019 1098 est,
1035 1023 1117 1097 crim,

119 1165 122 1174 ι
142 1125 216 1208 quid
233 1127 343 1209 cuique
359 1127 398 1192 sit
413 1140 671 1202 consentancum,
683 1126 812 1190 dicitur:
836 1137 880 1201 ut,
891 1128 963 1188 clun
981 1127 1118 1190 Scaurus

142 1232 326 1295 nonnullam
352 1233 481 1296 heberet
506 1231 654 1295 invidiam
681 1253 719 1294 ex
745 1252 795 1306 eo,
824 1231 908 1312 qudd
934 1229 1119 1314 Phrygionis
1224 1209 1225 1240 r

142 1335 297 1420 Pompeii,
322 1337 484 1421 locupletis
501 1336 642 1414 hominis,
662 1337 745 1399 buna
761 1335 826 1398 sine
844 1345 1033 1399 testamento
1050 1355 1119 1416 pos·

38 1422 47 1460 ‘⁵
142 1443 285 1506 sederat:
308 1443 491 1524 sederetque
513 1442 684 1504 advocatus
710 1463 763 1506 reu
780 1439 905 1516 Bestiae,
930 1441 1002 1502 crim
1027 1438 1118 1502 sunus

142 1546 302 1626 quoddam
319 1546 495 1621 duceretur,
522 1557 687 1609 accusator
713 1545 750 1608 C.
767 1542 946 1619 Memmius,
975 1541 1120 1640 Videin·
1221 1564 1225 1588 ⁴

141 1649 217 1730 quit,
236 1651 367 1724 Scuure,
391 1663 527 1713 mortuus
552 1649 685 1732 rapitur,
708 1647 736 1712 si
746 1660 838 1732 potes
864 1669 931 1710 esse
942 1669 1119 1730 possessor.

143 1753 208 1816 Sed
231 1774 267 1816 ex
285 1751 330 1816 bis
345 1753 488 1816 omnibus
505 1748 577 1816 nihil
594 1752 697 1834 magis
713 1751 838 1825 ridetur,
862 1752 956 1831 quum
971 1751 1056 1832 quod
1071 1763 1120 1818 est
1224 1805 1225 1814 ,

142 1866 254 1939 praeter
269 1857 537 1939 exspectationem
550 1881 558 1932 3
580 1856 666 1940 cujus
682 1853 921 1918 innumerabilia
933 1865 1005 1918 sunt
1016 1875 1121 1921 erem·
1220 1863 1225 1944 ᾖ

142 1959 204 2043 pla,
220 1959 266 2024 vel
283 1959 377 2044 Appii
392 1961 516 2045 majoris
532 1960 619 2036 illius,
635 1959 732 2042 quiin
748 1969 870 2036 senatu,
885 1961 958 2024 clun
974 1970 1125 2044 ageretur¹
1224 1947 1225 1964 ³

61 2109 67 2114 -
140 2064 181 2126 de
198 2063 279 2148 agris
296 2063 435 2146 publicis,
452 2075 493 2131 „et
508 2065 548 2129 de
563 2064 634 2148 lege
648 2063 776 2139 Thorid,
797 2074 831 2128 et
846 2074 1038 2147 premeretur
1058 2064 1121 2130 Lu·

99 2290 101 2294 v
140 2253 291 2335 dicerent,
315 2257 390 2324 Non
406 2273 461 2338 est,
486 2261 596 2344 inquit,
622 2260 737 2326 Lucilii
746 2284 846 2346 pecus
860 2263 959 2328 illud.-
982 2265 1120 2332 erratis:

7 2173 8 2176 ’
84 2191 90 2194 -
113 2167 232 2219 eitius
253 2167 355 2232 abiis,
375 2168 679 2258 quie-:penuriaque
699 2167 830 2242 depasci
857 2186 951 2244 egros
977 2167 1120 2242 publicos
1224 2159 1225 2228 Ῑ

140 2362 324 2445 (defendere
339 2363 492 2428 Lucilium
509 2366 686 2451 videbatur)
709 2388 769 2450 ego
784 2367 913 2432 liberum
933 2384 1014 2454 puto
1029 2393 1120 2435 esse.-
1224 2399 1225 2408 ¹

139 2465 304 2549 quererer,
325 2468 478 2550 pascitur.
522 2469 632 2534 Placet
655 2471 751 2536 etiem
767 2472 843 2536 milri
869 2473 942 2538 illud
960 2475 1120 2558 Scipionis
1224 2483 1225 2498 ³

139 2569 227 2648 illius,
253 2571 306 2654 qni
326 2572 375 2637 Ti
393 2575 574 2640 Gracchum
600 2575 748 2658 perculit:
772 2580 845 2642 cum
868 2579 895 2642 ei
912 2577 956 2642 M.
973 2579 1119 2658 Flaccus,

140 2675 241 2740 multis
249 2676 367 2761 probris
376 2673 518 2763 ubjectis,
530 2679 563 2744 P.
576 2679 716 2744 Mucium
721 2675 995 2766 judiccmtirlisset,
1007 2685 1120 2772 chso,

137 2777 257 2868 iuquit3
278 2781 400 2866 iniquus
416 2797 481 2848 est:
505 2786 577 2848 clun
593 2797 676 2881 esset
691 2787 970 2862 admurmurante
995 2787 1058 2863 At,
1074 2788 1120 2854 in·

138 2885 213 2966 quit,
231 2885 273 2950 P.
288 2886 324 2951 0.
338 2909 398 2950 non
413 2911 473 2971 ego
487 2888 561 2952 milri
575 2889 661 2954 illum
675 2889 813 2974 iniquum
826 2890 921 2974 ejece,
938 2893 1041 2954 uerum
1056 2915 1120 2958 unt·
1180 2899 1189 2912 ⁸

136 2989 235 3054 nibus.
279 2992 329 3056 Ab
345 2993 405 3056 hoc
418 2993 489 3056 verri
505 2993 619 3058 Crasso
635 2994 708 3058 nilril
724 2995 873 3058 facetius:
896 2996 968 3062 crim
985 2995 1118 3062 lmsisset

20 3175 23 3183 Ι
136 3095 222 3162 testis
238 3095 319 3160 Silus
338 3095 493 3175 Pisonem,
519 3101 602 3182 qudd
629 3100 796 3164 scincum
814 3097 938 3162 audisse
964 3101 1116 3168 dixisset:

138 3197 250 3290 Potest
262 3200 352 3284 fieri,
363 3200 472 3284 inquit,
487 3205 564 3279 Sile,
579 3218 612 3266 ut
623 3203 661 3278 is,
675 3202 756 3266 unde
771 3215 800 3264 te
812 3202 935 3268 audisse
950 3205 1039 3282 dicis,
1054 3206 1120 3272 ira·

137 3303 331 3368 tusdiceritr
355 3307 463 3370 anuuit
479 3307 580 3378 Silus:
606 3320 712 3392 potest
727 3307 830 3384 etium,
852 3322 884 3372 ut
900 3323 933 3372 tu
948 3333 1009 3374 nun
1032 3316 1117 3375 recte
1182 3315 1185 3322 '
1224 3341 1225 3390 t

135 3405 346 3474 intellexeris:
370 3411 400 3475 id
416 3433 540 3494 quoque
556 3424 625 3477 toto
641 3413 747 3498 capite
763 3415 882 3490 nnnuit,
897 3427 932 3478 ut
946 3438 979 3506 se
997 3415 1122 3481 Cressn
1222 3393 1225 3488 ,

135 3509 242 3580 deret:
259 3527 363 3597 potest
378 3516 469 3582 etiam
480 3517 568 3600 fieri,
582 3516 692 3600 inquit,-
706 3531 743 3582 ut
755 3519 888 3596 omnino,
913 3519 995 3604 quod
1009 3533 1040 3584 te
1055 3543 1118 3586 aas

134 3613 218 3683 disse
231 3617 320 3698 dicis,
332 3641 489 3714 nunquam
504 3620 665 3689 audieris:
688 3624 748 3690 huc
765 3625 807 3690 ita
823 3636 936 3714 preter
951 3639 1121 3711 exspectes
