2466 3966
258 125 262 142 ‘
353 123 395 174 nu
418 119 567 168 ouuuoun
590 122 685 164 crura
707 123 884 186 sscuuous.
1049 105 1106 162 147

133 267 289 340 balatum:
311 282 344 334 et
359 269 420 346 ille,
439 269 524 344 Quid
539 255 688 358 opusfuit
702 257 741 334 de
753 277 769 332 ‚⁹
792 270 887 335 [mmo
903 269 986 348 uerd,
1000 267 1110 351 inquit,

131 373 206 458 quid
220 396 297 458 opus
314 375 454 462 fecitte?
478 386 531 439 aut
542 375 682 459 ejusdem
707 367 869 458 responsio
888 375 950 450 illu,
976 375 1015 436 Si
1030 387 1062 437 tu
1077 385 1107 436 et

129 475 291 555 aduersus,
305 491 334 542 et
349 501 488 556 auersus,
502 479 671 564 impudicus
686 503 728 544 es.
773 480 878 543 Etiam
892 478 1108 563 interpretatio

132 582 265 646 nominis
286 583 382 653 habet
408 604 552 661 acumen,
578 587 651 648 cum
677 585 717 648 ad
744 584 907 650 ridiculum
932 593 1108 658 convertas,

130 687 395 768 quamobremita
411 689 478 771 quis
499 702 646 766 uocetur,
668 701 701 754 ut
716 711 777 773 ego
792 711 901 772 nuper,
925 687 1109 752 Nummium

130 775 307 868 diuisurum,
332 805 366 856 ut
391 794 637 878 Neoptolemum
661 795 701 860 ad
729 793 870 878 Trojam,
895 793 939 858 sic
965 791 1051 864 illum
1076 791 1107 854 in

130 915 247 978 campo
263 896 379 962 Martio
394 919 509 964 nornen
526 897 690 964 invenisse.
740 956 742 962 s

172 1001 287 1066 LXIV.
311 1002 415 1084 Atque
432 1003 500 1066 lraec
516 1003 621 1066 omnia
649 1003 744 1066 verbo
760 1000 969 1066 continentur.
1014 999 1107 1084 Saepe

129 1105 226 1172 etiam
240 1127 346 1173 versus
361 1107 464 1172 facete
480 1108 696 1190 interponitur,
711 1105 759 1170 vel
775 1120 808 1168 ut
823 1118 880 1184 est,
890 1105 938 1170 vel
949 1104 1108 1189 paululum

129 1211 329 1286 immutatus3
352 1225 405 1276 aut
421 1210 524 1292 aliquo
541 1233 612 1294 pars
639 1211 751 1285 versus,
778 1222 812 1273 ut
839 1209 958 1274 Statius
985 1209 1107 1272 Scauro

127 1316 360 1390 stomachanti;
382 1336 420 1378 ex
435 1335 498 1396 quo
513 1327 586 1378 sunt
602 1313 750 1391 nonnulli,
772 1314 824 1395 qui
840 1325 927 1376 tuam
941 1313 1044 1396 legem
1066 1311 1119 1382 de,

127 1417 256 1482 civitate
272 1431 392 1496 natam,
406 1419 530 1494 Crasse,
542 1419 668 1482 dicant:

201 1587 236 1644 St,
248 1591 336 1645 tacete,
348 1587 463 1650 quidhoc
475 1587 603 1636 clamoris?
624 1589 712 1650 quibus
722 1601 769 1636 nee
781 1593 866 1644 mater,
878 1601 925 1635 nec
935 1591 1013 1649 pater,

200 1670 278 1718 Teuta
290 1669 436 1720 confidentil
447 1671 523 1722 estis?
542 1671 635 1720 aulerte
647 1672 717 1720 istam
728 1671 793 1721 enim
804 1671 951 1734 superbiam.

127 1815 159 1884 N
162 1841 211 1884 am
229 1819 258 1884 in
276 1816 377 1884 Coelio
392 1823 467 1884 sane
484 1816 579 1884 etiam
602 1821 643 1884 ad
656 1841 786 1885 cau-sum
802 1819 876 1884 utile
893 1819 949 1882 fuit
972 1829 1060 1918 tuum
1075 1815 1108 1879 il·

126 1923 191 2001 lud,
214 1925 343 2001 Antoni,
368 1928 443 1988 cum
457 1924 506 1989 ille
523 1947 542 1988 a
557 1947 590 1990 se
606 1925 775 2008 pecuniam
790 1925 966 2008 profectum
988 1923 1108 1986 diceret

126 2031 224 2108 testis,
250 2041 282 2094 et
298 2029 428 2095 liaberet
443 2029 539 2092 filium
554 2028 778 2104 delicatiorem,
803 2028 941 2092 abeunte
962 2027 1030 2112 jam
1044 2025 1107 2118 illo,

177 2189 180 2200 '
282 2199 375 2247 Sentin'
387 2213 472 2248 senem
483 2213 537 2248 esse
548 2204 641 2248 tectum
649 2199 748 2262 triginta
758 2199 847 2247 minis?

35 2327 39 2336 ’
124 2343 161 2407 ln
175 2343 237 2406 hoc
250 2363 350 2427 genus
365 2343 570 2429 conjiciuntur
586 2345 768 2429 proverbia:
793 2357 827 2410 ut
846 2346 919 2411 illud
938 2345 1107 2430 Scipionis,

124 2453 199 2516 cum
223 2449 345 2514 Asellus
367 2469 478 2514 omnes
504 2450 680 2534 provincias
705 2452 862 2537 stipendia
877 2464 1052 2516 merentem
1073 2473 1107 2516 sc

26 2565 30 2572 '
125 2554 309 2640 peragrdssc
321 2553 515 2639 gloriaretur,
526 2555 617 2640 Agus
629 2556 768 2635 asellum,
780 2569 812 2621 et
824 2569 950 2622 caeteru.
996 2557 1108 2628 Quare

123 2680 163 2726 ea
179 2660 473 2742 quoque,quonium
489 2661 615 2744 mutatis
630 2661 732 2726 verbis
748 2683 810 2725 non
823 2673 954 2746 possunt
972 2661 1111 2726 retinere
1198 2729 1204 2741 ,

21 2809 24 2816 -
123 2766 259 2834 eundem
273 2776 480 2839 venustatem,
496 2787 558 2828 non
575 2764 606 2828 in
622 2788 665 2842 re,
689 2766 744 2829 sed
760 2765 790 2828 in
807 2765 918 2838 verbiS,
934 2765 1037 2847 posita
1051 2765 1107 2828 du·

123 2881 245 2936 cantur.
265 2955 266 2958 Ἴ
290 2869 347 2932 Est
373 2869 470 2934 etiam
495 2868 526 2931 in
543 2871 637 2932 uerbo
654 2869 788 2953 positum
811 2891 873 2932 non
890 2869 1038 2932 insulsum
1053 2891 1106 2954 ge·

123 2993 244 3050 nus,1err
260 2996 309 3062 eo,
325 2977 395 3038 clim
413 2974 454 3036 ed
472 2973 610 3050 verbum,
622 2995 685 3038 nou
702 2974 742 3039 ad
758 2973 958 3051 senteutiam,
974 2995 1039 3038 rem
1055 2997 1106 3040 ac·

123 3077 229 3159 cipere
246 3077 388 3142 videare:
412 3101 449 3144 ex
466 3100 528 3162 quo
544 3099 606 3142 uuo
622 3101 739 3164 genere
752 3090 835 3142 totus
851 3092 898 3162 est
913 3079 1025 3157 Tutor,
1051 3081 1105 3146 mi·

123 3202 192 3268 mus
208 3195 317 3258 vetus,
331 3185 450 3268 oppido
476 3184 630 3248 ridiculus.
676 3183 740 3248 Sed
758 3185 875 3248 ubeoa
897 3183 1015 3248 mimis:
1038 3195 1105 3249 tan·

104 3321 106 3324 v
122 3283 306 3371 tiuu‘genus
322 3287 410 3372 hujus
435 3288 556 3370 ridiculi
571 3289 683 3374 insigni
700 3288 802 3371 aliqui
817 3301 849 3354 et
864 3289 939 3354 notai
954 3311 986 3353 rc
1002 3291 1104 3356 notari

122 3392 204 3472 uolo.
249 3391 306 3456 Est
321 3403 427 3462 autem
442 3414 480 3458 ex
497 3395 557 3458 lroc
572 3416 688 3478 genere
701 3394 796 3470 illud,
811 3395 895 3476 quod
912 3406 956 3473 tu,
980 3394 1106 3472 Crasse,

122 3518 222 3580 nuper
237 3497 276 3574 ei,
288 3496 340 3580 qui
355 3509 386 3564 te
402 3495 551 3582 rogasset,
567 3520 641 3564 num
653 3497 709 3564 tibi
720 3497 868 3562 molestus
880 3509 963 3564 esset
975 3499 1116 3574 futurus,

38 3619 75 3656 -f
120 3600 147 3682 si
162 3601 203 3680 ad
229 3613 260 3676 te
276 3601 357 3680 bene
374 3614 448 3678 apte
474 3601 577 3668 lucem
605 3599 756 3668 venisset:
783 3602 834 3668 Tu
858 3602 942 3682 veru,
967 3601 1104 3685 inquisti,
