2400 3980
307 131 350 172 ns
373 129 522 174 cnecon
545 131 794 176 sterneremus.
995 117 1035 174 69

56 277 85 359 ip
100 279 129 353 d,
145 279 173 344 si
188 280 232 344 de
248 281 371 356 finibus,
387 283 459 344 cum
481 281 510 344 in
526 301 591 346 rem
608 291 792 365 presentem
808 284 1036 359 convenimus,

17 387 32 416 ⁸
48 299 133 446 ‘eride
151 383 271 448 tabuiis
282 396 317 448 et
332 385 605 470 perscriptionibus
619 385 830 450 controversie
844 399 900 462 est,
915 399 1037 452 contor-

57 497 101 550 tns
117 509 170 552 res
187 501 221 574 et
236 491 322 572 sepe
348 489 489 554 difficiles
515 490 692 554 necessarie
715 487 935 574 perdiscimus:
957 492 983 555 si
997 492 1038 558 le·

56 612 110 673 ges
126 593 235 668 nobie,
262 607 317 658 eut
331 594 356 658 si
370 593 532 658 hominum
547 593 714 678 peritorum
740 613 1040 679 responsercognos·

57 700 165 761 cende
180 709 265 773 sunt,
281 703 430 775 veremur,
445 719 486 763 ne
500 719 549 776 ee,
566 699 592 762 si
607 699 648 764 eb
664 698 874 765 adolescentie
884 699 944 784 J'nri
959 699 1039 763 civili

59 803 165 866 minus
179 802 401 878 studuerimus,
416 823 478 866 non
494 823 646 884 queamus
658 804 873 888 cofflnscerei

100 906 193 970 LIX.
217 905 344 970 Nihilne
359 905 451 992 igitur
477 907 604 990 prodest
619 908 733 972 oratori
745 909 819 992 juris
831 907 927 974 civilis
942 908 1040 974 scien·

60 1010 125 1073 tini
154 1009 231 1072 Non
248 1031 373 1092 possum
390 1031 506 1093 negare
532 1011 680 1094 prodesse
695 1011 790 1076 ullam
815 1013 990 1091 scientiam,
1012 1013 1040 1077 ei

60 1113 250 1197 praesertim,
264 1114 350 1198 cujus
365 1115 543 1203 eloquentie
555 1115 646 1198 copis
661 1137 763 1182 rerum
779 1118 978 1182 debeetesse
993 1139 1040 1182 or·

62 1229 157 1295 nnte3
178 1217 234 1282 sed
249 1217 356 1294 multu,
365 1229 396 1282 et
409 1239 535 1302 magne,
547 1230 579 1284 et
591 1219 728 1284 difficilia
741 1231 812 1284 sunt
827 1243 876 1298 ee,
890 1235 1041 1302 quaesunt

61 1322 183 1387 oratori
195 1307 382 1399 necessarie,
397 1323 432 1386 ut
446 1323 512 1408 ejus
527 1324 710 1394 industriam
721 1324 851 1406 in‘plure
865 1326 968 1388 studia
983 1326 1041 1389 dis·

64 1428 193 1490 trahere
204 1426 311 1490 nolim.
345 1426 426 1497 uui·
441 1439 546 1510 neget,
555 1447 634 1510 opus
646 1446 714 1490 esse
723 1427 848 1502 oratori,
863 1427 894 1490 in
905 1427 1042 1492 honoru-

65 1532 149 1620 torio
179 1541 268 1595 metu
300 1543 455 1616 statuque,
477 1534 585 1600 Roscii
615 1543 738 1619 gestum
764 1542 796 1595 et
806 1531 814 1544 ”
823 1532 1041 1598 vetustatem?

65 1648 177 1700 temen
189 1629 284 1700 ne'mo
296 1639 426 1702 suaserit
440 1638 583 1703 studiosis
598 1639 723 1704 dicendi
739 1638 1002 1714 adolescentibus,
1011 1638 1042 1702 in

67 1751 161 1824 gestu
176 1739 327 1806 discendo
353 1743 534 1814 histrionum
557 1763 643 1808 more
666 1744 837 1808 elaborare.
882 1742 970 1813 Quid
995 1752 1043 1808 est

68 1844 262 1908 oretorrtem
275 1867 496 1924 necessarium,
507 1869 600 1928 quem
610 1847 691 1910 vox
714 1857 832 1924 tamen,
843 1867 894 1910 me
904 1857 1042 1922 auctore,

46 1969 167 2025 ,nemo
144 1947 322 2066 dicendi
332 1949 496 2027 studiosus,
511 1950 693 2014 Graecorum
722 1971 808 2014 more
833 1961 866 2012 et
888 1949 1044 2032 tragoedo·

48 2045 50 2052 ’
60 2011 273 2127 iiim‘vocr
245 2035 369 2128 sefridi}
380 2055 433 2135 qui
447 2065 479 2118 et
504 2075 603 2117 annos
629 2052 804 2136 complures
829 2036 974 2116 sedentes
989 2051 1041 2116 de-

69 2155 245 2232 clamitant,
271 2169 302 2219 et
326 2157 474 2238 quotidie,
498 2168 667 2238 antequem
695 2155 906 2242 pronuntient,
930 2172 1042 2218 vocem

71 2260 226 2322 cubantes
237 2261 352 2323 sensim
368 2239 516 2336 excitent,
536 2259 743 2339 eandemque,
759 2259 832 2320 edm
847 2266 989 2339 egerunt,
999 2275 1048 2352 ses

72 2364 184 2426 dentes
200 2363 241 2426 eb
257 2364 435 2426 eeutissimo
447 2383 527 2426 sono
537 2381 634 2444 usque
651 2361 691 2424 ed
704 2361 919 2444 gravissimum
933 2379 1044 2422 sonum

73 2467 238 2550 recipiunt,
253 2479 284 2531 et
300 2467 388 2549 quasi
403 2467 540 2549 quodem
551 2466 648 2546 modo
663 2465 823 2549 colligunt.
867 2463 940 2528 Hoc
955 2463 1046 2528 nessi

73 2571 180 2634 faeere
197 2570 324 2634 velimus
336 2573 408 2634 ente
424 2555 672 2634 condemnentur
685 2569 715 2649 ii,
730 2589 862 2652 quorum
875 2589 987 2632 causes
1002 2588 1047 2630 re·

74 2675 261 2758 ceperimus,
284 2677 378 2757 quem
404 2675 506 2749 toties,
531 2673 653 2756 quoties
669 2672 876 2755 perscribitur,
893 2691 1047 2754 paeenern,

76 2795 132 2844 cut
148 2781 327 2844 munionem
343 2777 512 2842 eitnrimus
557 2771 652 2845 Quod
666 2777 690 2840 si
702 2777 732 2838 in
743 2785 844 2858 gestu,
856 2774 906 2854 qui
918 2772 1048 2836 multum

76 2897 234 2948 oratorem
245 2883 380 2967 adjuvet,
396 2893 428 2946 et
442 2882 472 2944 in
489 2902 577 2955 voce,
592 2900 662 2962 quae
678 2901 740 2942 une
754 2877 887 2940 maxime
902 2876 1049 2958 eloquen·
1117 2911 1120 2922 ·

75 2990 153 3054 tiam
170 2987 216 3051 vel
232 2986 437 3054 commendet
461 2984 509 3047 vel
524 2983 666 3057 sustinet,
691 2982 853 3062 elaborare
869 2980 959 3046 nobis
985 3001 1049 3046 non

76 3073 151 3158 iicet
165 3117 173 3161 t
194 3113 233 3154 ac
248 3093 369 3154 tentum
380 3090 410 3152 in
426 3101 558 3170 utroque
568 3085 690 3168 assequi
703 3107 875 3168 possumus,
887 3097 1050 3168 quantum,

77 3199 109 3260 in
122 3197 183 3260 hec
199 3195 267 3258 eeie
276 3193 449 3278 quotidiani
462 3192 606 3269 muneris,
620 3190 712 3273 spatii
724 3189 813 3253 nobis
825 3191 931 3254 datur:
954 3209 1051 3272 quen·

78 3307 112 3365 td
129 3299 230 3362 mimis
255 3310 302 3362 est
318 3299 357 3366 ed
378 3296 452 3382 juris
477 3295 573 3360 civilis
589 3293 783 3379 perdiscendi
807 3292 1049 3375 occupationem

78 3402 357 3472 descendendum?
381 3401 463 3484 quod
474 3399 692 3465 etsummetim
703 3397 820 3482 percipi
832 3397 897 3460 sine
909 3394 1050 3460 doctrine

80 3520 195 3593 potest,
220 3519 252 3570 et
277 3507 358 3570 hano
384 3506 480 3570 hebet
507 3505 548 3568 eb
574 3505 629 3570 iilis
645 3503 736 3568 rebus
760 3498 1050 3572 dissimilitudinem,

79 3611 166 3703 quiid
181 3629 241 3676 vox
256 3622 288 3676 et
298 3619 405 3696 gestus
415 3607 518 3672 subitd
529 3608 619 3687 sumi,
630 3601 663 3674 et
678 3603 801 3672 uliunde
817 3603 908 3688 erripi
923 3622 986 3668 non
998 3619 1052 3686 pc·
