2466 3966
86 93 144 192 tid
307 141 350 190 ns
372 136 524 186 macons
541 139 640 184 ursus
663 133 843 186 sncurnus.

87 291 291 376 cordiumque
305 291 490 369 deducatur,
498 290 562 358 nisi
577 309 687 394 omnes
701 289 722 354 ii
734 297 848 366 motus,
871 303 950 370 quos
961 295 1069 352 orator

88 395 238 466 adhibere
249 395 333 464 volet
342 395 450 483 judici,
461 395 493 460 in
508 395 577 482 ipso
592 404 717 460 oratore
732 393 873 479 impressi
887 411 957 458 esse
972 402 1068 474 sumre

87 500 181 568 inusti
191 501 386 568 videbuntur.
431 498 556 571 Quodsi
568 499 660 564 fictus
673 497 784 581 aliquis
793 497 885 564 dolor
898 495 1069 590 suscipien·
1128 551 1138 564 ,
1179 483 1195 495 ’

87 604 147 672 dus
172 617 265 685 esset,
289 617 322 672 ct
341 605 367 671 si
381 605 412 670 in
438 602 591 690 ejusmodi
615 623 733 689 genere
759 602 909 668 orationis
934 599 1009 668 nihii
1025 619 1071 668 es·

87 721 147 789 set,
171 710 233 776 nisi
254 709 368 777 salsum
383 719 478 792 atque
504 707 678 774 imitatione
690 707 882 786 simulatum,
905 706 1005 792 maior
1020 725 1070 770 ars
1185 752 1213 784 ἢ,

89 815 195 900 utiquc
218 813 347 882 forsitan
362 823 444 880 essct
458 813 656 898 requirenda.
700 812 796 877 Nunc
815 833 889 898 ego,
911 809 987 906 quid
1001 808 1069 887 tibi,

90 921 214 999 Crasse,
243 919 317 1002 quid
343 918 467 986 caeteris
492 918 629 994 accidat,
654 917 780 996 nescio:
813 917 854 982 de
883 937 935 982 mc
964 925 1072 980 autem

35 1027 39 1043 '
90 1043 188 1092 causa
202 1023 288 1090 nulls
301 1033 360 1102 est,
374 1043 429 1090 cur
445 1022 529 1108 apud
545 1021 688 1088 homines
703 1021 1072 1108 prudentissimumque

90 1129 295 1196 amicissimos
320 1126 465 1194 mentiar.
508 1126 595 1204 Non,
610 1126 801 1204 mehercule,
827 1145 968 1210 unquam
986 1123 1073 1210 apud
1092 1161 1093 1168 κ

88 1233 220 1321 judices,
246 1245 300 1300 aut
315 1231 468 1310 dolorem,
493 1242 549 1298 sut
564 1231 889 1310 misericordiam,cut
911 1231 1072 1308 invidiam,
1178 1251 1188 1284 ι’
1218 1195 1220 1202 ¹

92 1349 147 1406 aut
172 1339 279 1405 odium
294 1339 431 1405 excitare
446 1336 587 1403 dicendo
604 1337 698 1415 volui,
713 1335 787 1422 quin
802 1334 870 1422 ipse
885 1336 917 1400 in
933 1355 1073 1401 commo·

93 1443 202 1510 vendis
213 1443 381 1531 judicibus,
392 1443 428 1508 iis
442 1442 516 1528 ipsis
527 1442 679 1520 sensibus,
690 1442 731 1507 ad
742 1463 823 1527 quos
837 1440 905 1506 illos
915 1441 1074 1506 adducere

92 1547 216 1625 veliem,
238 1567 445 1633 permoverer.
489 1545 603 1631 Neque
615 1547 699 1612 enim
725 1545 818 1612 facile
845 1555 893 1612 est
908 1545 1074 1631 perficere,
1192 1559 1203 1572 “

94 1663 129 1716 ut
142 1651 306 1727 irascetur,
320 1649 371 1716 cui
385 1663 419 1714 tu
433 1650 519 1728 velis,
531 1650 636 1735 judex,
654 1651 686 1736 ¹si
701 1662 735 1715 tu
760 1651 827 1734 ipse
843 1650 873 1714 id
895 1649 979 1715 lente
995 1650 1074 1715 ferre

94 1755 239 1822 videare:
261 1773 364 1836 neque
379 1765 413 1818 ut
435 1754 535 1818 oderit
550 1775 634 1830 eum,
649 1773 744 1836 quem
757 1765 792 1820 tu
815 1754 901 1832 veiis,
915 1754 973 1818 nisi
998 1753 1075 1838 teip-

96 1879 166 1925 sum
180 1858 369 1944 flagrantem
390 1857 474 1929 odio,
490 1860 563 1923 ante
579 1857 706 1922 viderit:
730 1878 832 1940 neque
848 1857 889 1922 ad
905 1856 1075 1922 misericor·
1172 1857 1194 1884 “·
1211 1823 1217 1847 ⁸

97 1961 183 2028 diurn
198 1961 382 2037 adducetur,
396 1961 453 2025 nisi
468 1963 497 2025 ei
522 1972 555 2026 tu
567 1961 658 2048 signs
683 1961 799 2028 doloris
814 1963 858 2026 tui
867 1961 985 2039 uerbis,
1007 1983 1076 2028 sen·
1138 1975 1139 1982 ’

98 2067 213 2145 tentiis,
228 2087 316 2144 voce,
330 2065 426 2143 vultu,
451 2064 728 2157 collacrymatione
739 2068 876 2151 deniquo
891 2067 1075 2133 ostenderis.
1130 2089 1133 2100 ·

100 2170 144 2238 Ut
166 2171 250 2238 enim
266 2170 351 2236 nulla
365 2169 513 2235 materies
536 2180 601 2234 tam
623 2172 723 2238 facilis
750 2174 791 2239 ad
806 2171 1075 2239 exardescendum
1169 2163 1174 2170 ’
1217 2161 1221 2191 ’

100 2287 159 2354 est,
173 2297 254 2359 quae,
268 2274 327 2340 nisi
338 2275 468 2339 admoto
490 2272 566 2360 igni,
589 2274 694 2359 ignem
710 2278 878 2364 concipere
893 2277 1009 2363 possit:
1031 2276 1077 2341 sic
1169 2335 1170 2338 ,

101 2379 185 2444 nulia
201 2399 290 2445 mens
314 2389 362 2444 est
376 2388 443 2442 tam
457 2377 498 2442 ad
514 2379 846 2462 comprehendendam
870 2382 931 2447 vim
947 2382 1078 2448 oratoris
1181 2391 1197 2411 ‘⁸

101 2491 224 2568 parata,
238 2501 309 2564 quae
318 2481 416 2566 possit
425 2482 562 2558 incendi,
572 2481 629 2546 nisi
641 2481 853 2550 inflammatus
863 2487 929 2572 ipse
945 2487 986 2551 ad
995 2505 1079 2562 eam,

102 2596 136 2654 et
149 2586 263 2651 ardens
274 2585 452 2651 accesseris.

145 2689 261 2756 XLVI.
284 2689 343 2768 Ac,
358 2711 398 2755 ne
412 2688 491 2755 sorta
503 2689 565 2756 hoc
577 2709 728 2775 magnum
745 2712 784 2756 ac
800 2691 940 2757 mirabile
955 2717 1024 2760 esse
1038 2697 1080 2759 vi·

104 2798 225 2874 deutur,
240 2797 400 2862 hominem
415 2795 507 2893 toties
533 2795 635 2874 irasci,
652 2795 753 2861 'toties
768 2797 885 2874 dolare,
907 2798 999 2863 toties
1015 2821 1080 2866 om·

105 2903 138 2966 ni
160 2901 256 2966 animi
285 2912 373 2966 motu
396 2899 558 2979 concitari,
587 2902 758 2986 praescrtim
786 2900 936 2989 inrebus
963 2902 1081 2984 alienis,
1178 2959 1184 2977 .
1216 2930 1219 2944 ’

106 3025 224 3090 magna
249 3006 293 3070 vis
317 3015 366 3070 est
379 3024 488 3070 eurum
502 3006 736 3085 sententiarum,
763 3002 859 3091 atque
874 3023 983 3073 eorum
996 3010 1081 3077 loco·

101 3129 185 3188 rum,
195 3129 273 3192 quos
283 3130 360 3194 ages
375 3121 552 3193 tractesque
563 3110 710 3188 dicendo,
719 3110 793 3176 nihil
805 3097 841 3176 ut
851 3133 929 3198 opus
941 3113 980 3180 sit
990 3116 1082 3182 simu·
1160 3183 1167 3198 ,

105 3213 267 3280 lationcet
288 3211 435 3278 fallaciis:
458 3213 620 3299 ipsaenim
641 3216 1092 3304 naturaorationisejus,quae-

108 3317 270 3403 suscipitur
285 3317 326 3382 ad
341 3316 472 3382 eliorum
483 3318 603 3382 animos
614 3321 856 3402 permovendos,
866 3333 1024 3389 oratorem
1039 3324 1084 3412 ip·

84 3463 87 3472 ·
108 3441 178 3488 sum
197 3422 299 3507 magis
312 3421 419 3500 etiam,
433 3423 528 3506 quem
542 3441 723 3507 quenquam
737 3445 848 3492 corum
873 3429 927 3510 qui
941 3429 1083 3510 audiunt,
1167 3460 1196 3494 «ω

109 3537 279 3614 permovet.
323 3525 366 3590 Et
378 3547 418 3592 ne
432 3524 494 3591 hoc
505 3526 537 3590 in
552 3527 664 3606 causis,
675 3528 849 3616 inpudicis,
860 3531 893 3597 in
909 3531 1083 3601 amicorum

108 3629 261 3720 periculis,
274 3629 306 3696 in
321 3649 474 3698 concursu
489 3629 662 3713 hominum,
677 3633 709 3708 in
724 3635 860 3716 civitate,
875 3637 906 3703 in
920 3636 989 3704 soro
1001 3640 1083 3707 acci·
