<?xml version="1.0" encoding="UTF-8"?>
<!DOCTYPE html PUBLIC "-//W3C//DTD XHTML 1.0 Transitional//EN"
    "http://www.w3.org/TR/xhtml1/DTD/xhtml1-transitional.dtd">
<html xmlns="http://www.w3.org/1999/xhtml" xml:lang="en" lang="en">
 <head>
  <title>
</title>
<meta http-equiv="Content-Type" content="text/html;charset=utf-8" />
  <meta name='ocr-system' content='tesseract 3.04.00' />
  <meta name='ocr-capabilities' content='ocr_page ocr_carea ocr_par ocr_line ocrx_word'/>
</head>
<body>
  <div class='ocr_page' id='page_1' title='image "./mtuliiciceronis01cicegoog/mtuliiciceronis01cicegoog_0121.png"; bbox 0 0 2466 3966; ppageno 0'>
   <div class='ocr_carea' id='block_1_1' title="bbox 37 979 118 1025">
    <p class='ocr_par' dir='ltr' id='par_1_1' title="bbox 37 979 118 1025">
     <span class='ocr_line' id='line_1_1' title="bbox 37 979 118 1025; baseline -0.025 -5"><span class='ocrx_word' id='word_1_1' title='bbox 37 979 118 1025; x_wconf 57' lang='lat' dir='ltr'>,aab</span> 
     </span>
    </p>
   </div>
   <div class='ocr_carea' id='block_1_2' title="bbox 88 124 908 185">
    <p class='ocr_par' dir='ltr' id='par_1_2' title="bbox 88 124 908 185">
     <span class='ocr_line' id='line_1_2' title="bbox 88 124 908 185; baseline -0.007 0"><span class='ocrx_word' id='word_1_2' title='bbox 88 170 90 176; x_wconf 81' lang='grc'>.</span> <span class='ocrx_word' id='word_1_3' title='bbox 135 124 196 185; x_wconf 75' lang='grc'>108</span> <span class='ocrx_word' id='word_1_4' title='bbox 358 124 402 182; x_wconf 67' lang='lat' dir='ltr'>ab</span> <span class='ocrx_word' id='word_1_5' title='bbox 425 129 579 182; x_wconf 76' lang='lat' dir='ltr'>carrena</span> <span class='ocrx_word' id='word_1_6' title='bbox 594 131 703 180; x_wconf 69' lang='lat' dir='ltr'>arara</span> <span class='ocrx_word' id='word_1_7' title='bbox 726 129 908 180; x_wconf 68' lang='lat' dir='ltr'>amoenae.</span> 
     </span>
    </p>
   </div>
   <div class='ocr_carea' id='block_1_3' title="bbox 132 275 1137 472">
    <p class='ocr_par' dir='ltr' id='par_1_3' title="bbox 132 275 1137 472">
     <span class='ocr_line' id='line_1_3' title="bbox 133 275 1136 368; baseline -0.004 -18"><span class='ocrx_word' id='word_1_8' title='bbox 133 275 207 350; x_wconf 72' lang='lat' dir='ltr'>inab</span> <span class='ocrx_word' id='word_1_9' title='bbox 221 283 346 368; x_wconf 77' lang='lat' dir='ltr'>panitur</span> <span class='ocrx_word' id='word_1_10' title='bbox 357 283 517 350; x_wconf 80' lang='lat' dir='ltr'>incederit.</span> <span class='ocrx_word' id='word_1_11' title='bbox 562 278 669 366; x_wconf 80' lang='lat' dir='ltr'>Atque</span> <span class='ocrx_word' id='word_1_12' title='bbox 684 303 748 367; x_wconf 84' lang='lat' dir='ltr'>ego</span> <span class='ocrx_word' id='word_1_13' title='bbox 762 281 799 360; x_wconf 87' lang='lat' dir='ltr'>is,</span> <span class='ocrx_word' id='word_1_14' title='bbox 814 283 868 364; x_wconf 90' lang='lat' dir='ltr'>qui</span> <span class='ocrx_word' id='word_1_15' title='bbox 883 301 965 356; x_wconf 85' lang='lat' dir='ltr'>sum,</span> <span class='ocrx_word' id='word_1_16' title='bbox 980 289 1136 363; x_wconf 78' lang='lat' dir='ltr'>qusubrs·</span> 
     </span>
     <span class='ocr_line' id='line_1_4' title="bbox 132 383 1137 472; baseline -0.007 -20"><span class='ocrx_word' id='word_1_17' title='bbox 132 407 260 470; x_wconf 88' lang='lat' dir='ltr'>cunque</span> <span class='ocrx_word' id='word_1_18' title='bbox 274 407 346 452; x_wconf 83' lang='lat' dir='ltr'>oum</span> <span class='ocrx_word' id='word_1_19' title='bbox 363 389 404 452; x_wconf 86' lang='lat' dir='ltr'>ad</span> <span class='ocrx_word' id='word_1_20' title='bbox 416 388 636 472; x_wconf 79' lang='lat' dir='ltr'>judicandum,</span> <span class='ocrx_word' id='word_1_21' title='bbox 646 385 796 450; x_wconf 85' lang='lat' dir='ltr'>ornnibns</span> <span class='ocrx_word' id='word_1_22' title='bbox 813 384 928 449; x_wconf 80' lang='lat' dir='ltr'>auditio</span> <span class='ocrx_word' id='word_1_23' title='bbox 943 383 1137 460; x_wconf 81' lang='lat' dir='ltr'>oratoribus,</span> 
     </span>
    </p>
   </div>
   <div class='ocr_carea' id='block_1_4' title="bbox 17 486 1135 578">
    <p class='ocr_par' dir='ltr' id='par_1_4' title="bbox 17 486 1135 578">
     <span class='ocr_line' id='line_1_5' title="bbox 17 486 1135 578; baseline -0.002 -26"><span class='ocrx_word' id='word_1_24' title='bbox 17 571 22 578; x_wconf 27' lang='lat'><em>-</em></span> <span class='ocrx_word' id='word_1_25' title='bbox 132 488 202 554; x_wconf 81' lang='lat' dir='ltr'>aine</span> <span class='ocrx_word' id='word_1_26' title='bbox 217 489 280 553; x_wconf 75' lang='lat' dir='ltr'>utta</span> <span class='ocrx_word' id='word_1_27' title='bbox 291 489 492 564; x_wconf 72' lang='lat' dir='ltr'>dubitatione</span> <span class='ocrx_word' id='word_1_28' title='bbox 506 490 553 556; x_wconf 84' lang='lat' dir='ltr'>sic</span> <span class='ocrx_word' id='word_1_29' title='bbox 568 499 675 553; x_wconf 80' lang='lat' dir='ltr'>statuo</span> <span class='ocrx_word' id='word_1_30' title='bbox 686 498 721 552; x_wconf 91' lang='lat' dir='ltr'>et</span> <span class='ocrx_word' id='word_1_31' title='bbox 741 487 864 572; x_wconf 73' lang='lat' dir='ltr'>judico,</span> <span class='ocrx_word' id='word_1_32' title='bbox 879 486 1040 552; x_wconf 82' lang='lat' dir='ltr'>neminem</span> <span class='ocrx_word' id='word_1_33' title='bbox 1064 501 1135 550; x_wconf 88' lang='lat' dir='ltr'>om·</span> 
     </span>
    </p>
   </div>
   <div class='ocr_carea' id='block_1_5' title="bbox 129 589 1209 1905">
    <p class='ocr_par' dir='ltr' id='par_1_5' title="bbox 129 589 1136 1170">
     <span class='ocr_line' id='line_1_6' title="bbox 133 589 1136 674; baseline -0.006 -18"><span class='ocrx_word' id='word_1_34' title='bbox 133 590 220 656; x_wconf 89' lang='lat' dir='ltr'>nium</span> <span class='ocrx_word' id='word_1_35' title='bbox 242 603 289 657; x_wconf 91' lang='lat' dir='ltr'>tot</span> <span class='ocrx_word' id='word_1_36' title='bbox 305 603 339 658; x_wconf 86' lang='lat' dir='ltr'>et</span> <span class='ocrx_word' id='word_1_37' title='bbox 365 603 468 668; x_wconf 88' lang='lat' dir='ltr'>tanta,</span> <span class='ocrx_word' id='word_1_38' title='bbox 482 602 605 674; x_wconf 87' lang='lat' dir='ltr'>quanta</span> <span class='ocrx_word' id='word_1_39' title='bbox 624 601 697 654; x_wconf 87' lang='lat' dir='ltr'>sunt</span> <span class='ocrx_word' id='word_1_40' title='bbox 717 591 748 654; x_wconf 87' lang='lat' dir='ltr'>iu</span> <span class='ocrx_word' id='word_1_41' title='bbox 766 591 897 666; x_wconf 80' lang='lat' dir='ltr'>Crasso,</span> <span class='ocrx_word' id='word_1_42' title='bbox 920 589 1069 652; x_wconf 84' lang='lat' dir='ltr'>babuisse</span> <span class='ocrx_word' id='word_1_43' title='bbox 1084 607 1136 650; x_wconf 92' lang='lat' dir='ltr'>or·</span> 
     </span>
     <span class='ocr_line' id='line_1_7' title="bbox 133 690 1135 773; baseline -0.008 -15"><span class='ocrx_word' id='word_1_44' title='bbox 133 705 285 760; x_wconf 85' lang='lat' dir='ltr'>namenta</span> <span class='ocrx_word' id='word_1_45' title='bbox 300 694 438 760; x_wconf 85' lang='lat' dir='ltr'>dicendi.</span> <span class='ocrx_word' id='word_1_46' title='bbox 483 693 709 766; x_wconf 71' lang='lat' dir='ltr'>Quamobrem</span> <span class='ocrx_word' id='word_1_47' title='bbox 723 693 749 756; x_wconf 87' lang='lat' dir='ltr'>si</span> <span class='ocrx_word' id='word_1_48' title='bbox 761 713 817 756; x_wconf 87' lang='lat' dir='ltr'>vos</span> <span class='ocrx_word' id='word_1_49' title='bbox 830 712 957 773; x_wconf 86' lang='lat' dir='ltr'>quoque</span> <span class='ocrx_word' id='word_1_50' title='bbox 967 691 1030 754; x_wconf 88' lang='lat' dir='ltr'>boc</span> <span class='ocrx_word' id='word_1_51' title='bbox 1045 690 1135 754; x_wconf 88' lang='lat' dir='ltr'>idem</span> 
     </span>
     <span class='ocr_line' id='line_1_8' title="bbox 132 791 1134 879; baseline -0.008 -17"><span class='ocrx_word' id='word_1_52' title='bbox 132 797 332 872; x_wconf 80' lang='lat' dir='ltr'>existimatis,</span> <span class='ocrx_word' id='word_1_53' title='bbox 357 817 421 860; x_wconf 90' lang='lat' dir='ltr'>non</span> <span class='ocrx_word' id='word_1_54' title='bbox 434 797 503 872; x_wconf 90' lang='lat' dir='ltr'>erit,</span> <span class='ocrx_word' id='word_1_55' title='bbox 527 809 560 859; x_wconf 91' lang='lat' dir='ltr'>ut</span> <span class='ocrx_word' id='word_1_56' title='bbox 587 797 711 879; x_wconf 84' lang='lat' dir='ltr'>opinor,</span> <span class='ocrx_word' id='word_1_57' title='bbox 726 793 835 876; x_wconf 90' lang='lat' dir='ltr'>iniqua</span> <span class='ocrx_word' id='word_1_58' title='bbox 850 792 990 878; x_wconf 88' lang='lat' dir='ltr'>partitio,</span> <span class='ocrx_word' id='word_1_59' title='bbox 1005 791 1042 868; x_wconf 87' lang='lat' dir='ltr'>si,</span> <span class='ocrx_word' id='word_1_60' title='bbox 1057 793 1134 854; x_wconf 77' lang='lat' dir='ltr'>cum</span> 
     </span>
     <span class='ocr_line' id='line_1_9' title="bbox 133 893 1135 996; baseline -0.009 -31"><span class='ocrx_word' id='word_1_61' title='bbox 133 923 197 990; x_wconf 82' lang='lat' dir='ltr'>ego</span> <span class='ocrx_word' id='word_1_62' title='bbox 212 901 484 996; x_wconf 50' lang='lat' dir='ltr'>bunc&#39;oratorem,</span> <span class='ocrx_word' id='word_1_63' title='bbox 499 918 596 979; x_wconf 87' lang='lat' dir='ltr'>quern</span> <span class='ocrx_word' id='word_1_64' title='bbox 606 919 691 962; x_wconf 90' lang='lat' dir='ltr'>nunc</span> <span class='ocrx_word' id='word_1_65' title='bbox 707 899 854 989; x_wconf 65' lang='lat' dir='ltr'>fingant</span> <span class='ocrx_word' id='word_1_66' title='bbox 865 894 996 970; x_wconf 84' lang='lat' dir='ltr'>institui,</span> <span class='ocrx_word' id='word_1_67' title='bbox 1011 893 1135 968; x_wconf 69' lang='lat' dir='ltr'>crebro,</span> 
     </span>
     <span class='ocr_line' id='line_1_10' title="bbox 129 988 1134 1085; baseline -0.006 -20"><span class='ocrx_word' id='word_1_68' title='bbox 129 993 254 1078; x_wconf 66' lang='lat' dir='ltr'>altimo,</span> <span class='ocrx_word' id='word_1_69' title='bbox 268 988 485 1077; x_wconf 64' lang='lat' dir='ltr'>coriliriridr‘oi&#39;</span> <span class='ocrx_word' id='word_1_70' title='bbox 496 1001 622 1067; x_wconf 88' lang='lat' dir='ltr'>tradam</span> <span class='ocrx_word' id='word_1_71' title='bbox 638 1021 712 1065; x_wconf 89' lang='lat' dir='ltr'>eum</span> <span class='ocrx_word' id='word_1_72' title='bbox 727 1000 855 1075; x_wconf 81' lang='lat' dir='ltr'>Crasso,</span> <span class='ocrx_word' id='word_1_73' title='bbox 873 1008 904 1062; x_wconf 90' lang='lat' dir='ltr'>et</span> <span class='ocrx_word' id='word_1_74' title='bbox 920 996 1134 1085; x_wconf 53' lang='lat' dir='ltr'>{vestiendum</span> 
     </span>
     <span class='ocr_line' id='line_1_11' title="bbox 133 1105 372 1170; baseline -0.004 0"><span class='ocrx_word' id='word_1_75' title='bbox 133 1116 166 1170; x_wconf 89' lang='lat' dir='ltr'>et</span> <span class='ocrx_word' id='word_1_76' title='bbox 182 1105 372 1170; x_wconf 87' lang='lat' dir='ltr'>ornandum.</span> 
     </span>
    </p>

    <p class='ocr_par' dir='ltr' id='par_1_6' title="bbox 131 1201 1209 1905">
     <span class='ocr_line' id='line_1_12' title="bbox 174 1201 1134 1290; baseline -0.004 -19"><span class='ocrx_word' id='word_1_77' title='bbox 174 1208 260 1272; x_wconf 92' lang='lat' dir='ltr'>Turn</span> <span class='ocrx_word' id='word_1_78' title='bbox 276 1207 421 1285; x_wconf 74' lang='lat' dir='ltr'>Crassus,</span> <span class='ocrx_word' id='word_1_79' title='bbox 436 1207 489 1271; x_wconf 93' lang='lat' dir='ltr'>Tu</span> <span class='ocrx_word' id='word_1_80' title='bbox 503 1208 589 1284; x_wconf 71' lang='lat' dir='ltr'>vera,</span> <span class='ocrx_word' id='word_1_81' title='bbox 604 1207 716 1290; x_wconf 90' lang='lat' dir='ltr'>inquit,</span> <span class='ocrx_word' id='word_1_82' title='bbox 729 1205 859 1282; x_wconf 78' lang='lat' dir='ltr'><strong>Antoni,</strong></span> <span class='ocrx_word' id='word_1_83' title='bbox 870 1227 980 1289; x_wconf 82' lang='lat' dir='ltr'>perge,</span> <span class='ocrx_word' id='word_1_84' title='bbox 996 1215 1031 1270; x_wconf 90' lang='lat' dir='ltr'>ut</span> <span class='ocrx_word' id='word_1_85' title='bbox 1046 1201 1134 1268; x_wconf 85' lang='lat' dir='ltr'>insti·</span> 
     </span>
     <span class='ocr_line' id='line_1_13' title="bbox 132 1307 1209 1398; baseline -0.005 -23"><span class='ocrx_word' id='word_1_86' title='bbox 132 1311 228 1375; x_wconf 83' lang='lat' dir='ltr'>luisti.</span> <span class='ocrx_word' id='word_1_87' title='bbox 272 1311 389 1394; x_wconf 87' lang='lat' dir='ltr'>Neque</span> <span class='ocrx_word' id='word_1_88' title='bbox 415 1311 500 1375; x_wconf 90' lang='lat' dir='ltr'>enim</span> <span class='ocrx_word' id='word_1_89' title='bbox 523 1310 672 1386; x_wconf 85' lang='lat' dir='ltr'>estboni,</span> <span class='ocrx_word' id='word_1_90' title='bbox 687 1329 791 1390; x_wconf 82' lang='lat' dir='ltr'>neque</span> <span class='ocrx_word' id='word_1_91' title='bbox 818 1307 954 1372; x_wconf 87' lang='lat' dir='ltr'>liberalis</span> <span class='ocrx_word' id='word_1_92' title='bbox 979 1310 1133 1390; x_wconf 84' lang='lat' dir='ltr'>parentia,</span> <span class='ocrx_word' id='word_1_93' title='bbox 1202 1389 1209 1398; x_wconf 33' lang='grc' dir='ltr'>Ι</span> 
     </span>
     <span class='ocr_line' id='line_1_14' title="bbox 133 1411 1207 1498; baseline -0.007 -20"><span class='ocrx_word' id='word_1_94' title='bbox 133 1433 230 1497; x_wconf 89' lang='lat' dir='ltr'>quem</span> <span class='ocrx_word' id='word_1_95' title='bbox 255 1413 428 1498; x_wconf 72' lang='lat' dir='ltr'>procrearit</span> <span class='ocrx_word' id='word_1_96' title='bbox 450 1425 484 1478; x_wconf 92' lang='lat' dir='ltr'>et</span> <span class='ocrx_word' id='word_1_97' title='bbox 509 1412 662 1487; x_wconf 77' lang='lat' dir='ltr'>eduxerit,</span> <span class='ocrx_word' id='word_1_98' title='bbox 678 1431 751 1475; x_wconf 80' lang='lat' dir='ltr'>erun</span> <span class='ocrx_word' id='word_1_99' title='bbox 777 1433 841 1477; x_wconf 82' lang='lat' dir='ltr'>nan</span> <span class='ocrx_word' id='word_1_100' title='bbox 858 1421 890 1474; x_wconf 90' lang='lat' dir='ltr'>et</span> <span class='ocrx_word' id='word_1_101' title='bbox 905 1411 1018 1474; x_wconf 88' lang='lat' dir='ltr'>vestire</span> <span class='ocrx_word' id='word_1_102' title='bbox 1034 1420 1067 1473; x_wconf 91' lang='lat' dir='ltr'>et</span> <span class='ocrx_word' id='word_1_103' title='bbox 1083 1430 1133 1472; x_wconf 89' lang='lat' dir='ltr'>or·</span> <span class='ocrx_word' id='word_1_104' title='bbox 1203 1414 1207 1422; x_wconf 89' lang='lat'>&#39;</span> 
     </span>
     <span class='ocr_line' id='line_1_15' title="bbox 133 1515 1132 1600; baseline -0.006 -20"><span class='ocrx_word' id='word_1_105' title='bbox 133 1539 230 1593; x_wconf 67' lang='lat' dir='ltr'>nerea</span> <span class='ocrx_word' id='word_1_106' title='bbox 253 1517 426 1600; x_wconf 85' lang='lat' dir='ltr'>proesertim</span> <span class='ocrx_word' id='word_1_107' title='bbox 454 1519 528 1579; x_wconf 83' lang='lat' dir='ltr'>edm</span> <span class='ocrx_word' id='word_1_108' title='bbox 554 1527 586 1578; x_wconf 91' lang='lat' dir='ltr'>te</span> <span class='ocrx_word' id='word_1_109' title='bbox 601 1515 796 1597; x_wconf 73' lang='lat' dir='ltr'>locupletem</span> <span class='ocrx_word' id='word_1_110' title='bbox 822 1535 891 1576; x_wconf 86' lang='lat' dir='ltr'>esse</span> <span class='ocrx_word' id='word_1_111' title='bbox 917 1533 1038 1596; x_wconf 84' lang='lat' dir='ltr'>negare</span> <span class='ocrx_word' id='word_1_112' title='bbox 1065 1533 1132 1574; x_wconf 89' lang='lat' dir='ltr'>non</span> 
     </span>
     <span class='ocr_line' id='line_1_16' title="bbox 133 1614 1133 1701; baseline -0.005 -19"><span class='ocrx_word' id='word_1_113' title='bbox 133 1619 244 1701; x_wconf 84' lang='lat' dir='ltr'>possis.</span> <span class='ocrx_word' id='word_1_114' title='bbox 289 1619 389 1686; x_wconf 80' lang='lat' dir='ltr'>Quod</span> <span class='ocrx_word' id='word_1_115' title='bbox 405 1618 490 1680; x_wconf 91' lang='lat' dir='ltr'>enim</span> <span class='ocrx_word' id='word_1_116' title='bbox 507 1627 741 1690; x_wconf 85' lang='lat' dir='ltr'>ornamentum,</span> <span class='ocrx_word' id='word_1_117' title='bbox 753 1636 824 1696; x_wconf 87' lang='lat' dir='ltr'>quae</span> <span class='ocrx_word' id='word_1_118' title='bbox 852 1615 907 1692; x_wconf 88' lang='lat' dir='ltr'>vis,</span> <span class='ocrx_word' id='word_1_119' title='bbox 927 1615 981 1698; x_wconf 89' lang='lat' dir='ltr'>qui</span> <span class='ocrx_word' id='word_1_120' title='bbox 997 1614 1133 1700; x_wconf 89' lang='lat' dir='ltr'>animus,</span> 
     </span>
     <span class='ocr_line' id='line_1_17' title="bbox 132 1717 1134 1801; baseline 0.001 -22"><span class='ocrx_word' id='word_1_121' title='bbox 132 1739 205 1801; x_wconf 83' lang='lat' dir='ltr'>quae</span> <span class='ocrx_word' id='word_1_122' title='bbox 220 1718 359 1800; x_wconf 82' lang='lat' dir='ltr'>dignitas</span> <span class='ocrx_word' id='word_1_123' title='bbox 375 1719 416 1780; x_wconf 90' lang='lat' dir='ltr'>illi</span> <span class='ocrx_word' id='word_1_124' title='bbox 440 1717 558 1780; x_wconf 86' lang='lat' dir='ltr'>oratori</span> <span class='ocrx_word' id='word_1_125' title='bbox 573 1717 684 1792; x_wconf 85' lang='lat' dir='ltr'>deluit,</span> <span class='ocrx_word' id='word_1_126' title='bbox 709 1717 809 1798; x_wconf 90' lang='lat' dir='ltr'>quiin</span> <span class='ocrx_word' id='word_1_127' title='bbox 837 1719 935 1782; x_wconf 71' lang='lat' dir='ltr'>causa</span> <span class='ocrx_word' id='word_1_128' title='bbox 951 1717 1134 1800; x_wconf 67' lang='lat' dir='ltr'>peroranda</span> 
     </span>
     <span class='ocr_line' id='line_1_18' title="bbox 131 1819 1134 1905; baseline 0 -21"><span class='ocrx_word' id='word_1_129' title='bbox 131 1841 196 1884; x_wconf 92' lang='lat' dir='ltr'>non</span> <span class='ocrx_word' id='word_1_130' title='bbox 213 1819 370 1883; x_wconf 91' lang='lat' dir='ltr'>dubitavit</span> <span class='ocrx_word' id='word_1_131' title='bbox 396 1821 535 1884; x_wconf 80' lang='lat' dir='ltr'>excitare</span> <span class='ocrx_word' id='word_1_132' title='bbox 551 1840 640 1882; x_wconf 88' lang='lat' dir='ltr'>reum</span> <span class='ocrx_word' id='word_1_133' title='bbox 665 1820 878 1897; x_wconf 82' lang='lat' dir='ltr'>consularem,</span> <span class='ocrx_word' id='word_1_134' title='bbox 901 1821 1012 1905; x_wconf 86' lang='lat' dir='ltr'>atejus</span> <span class='ocrx_word' id='word_1_135' title='bbox 1027 1821 1134 1884; x_wconf 89' lang='lat' dir='ltr'>dilori-</span> 
     </span>
    </p>
   </div>
   <div class='ocr_carea' id='block_1_6' title="bbox 77 1921 1218 2006">
    <p class='ocr_par' dir='ltr' id='par_1_7' title="bbox 77 1921 1218 2006">
     <span class='ocr_line' id='line_1_19' title="bbox 77 1921 1218 2006; baseline -0.002 -20"><span class='ocrx_word' id='word_1_136' title='bbox 77 1931 83 1939; x_wconf 90' lang='lat'>&#39;</span> <span class='ocrx_word' id='word_1_137' title='bbox 131 1943 207 1986; x_wconf 89' lang='lat' dir='ltr'>care</span> <span class='ocrx_word' id='word_1_138' title='bbox 223 1921 376 1998; x_wconf 90' lang='lat' dir='ltr'>tunicam,</span> <span class='ocrx_word' id='word_1_139' title='bbox 393 1933 425 1986; x_wconf 89' lang='lat' dir='ltr'>at</span> <span class='ocrx_word' id='word_1_140' title='bbox 436 1921 596 2006; x_wconf 88' lang='lat' dir='ltr'>judicibus</span> <span class='ocrx_word' id='word_1_141' title='bbox 616 1921 784 1986; x_wconf 77' lang='lat' dir='ltr'>cicatrices</span> <span class='ocrx_word' id='word_1_142' title='bbox 800 1923 950 1988; x_wconf 86' lang='lat' dir='ltr'>adversas</span> <span class='ocrx_word' id='word_1_143' title='bbox 965 1924 1048 1987; x_wconf 87' lang='lat' dir='ltr'>senis</span> <span class='ocrx_word' id='word_1_144' title='bbox 1075 1923 1134 1984; x_wconf 90' lang='lat' dir='ltr'>im·</span> <span class='ocrx_word' id='word_1_145' title='bbox 1215 1923 1218 1932; x_wconf 84' lang='lat'>&#39;</span> 
     </span>
    </p>
   </div>
   <div class='ocr_carea' id='block_1_7' title="bbox 131 2016 1182 2212">
    <p class='ocr_par' dir='ltr' id='par_1_8' title="bbox 131 2016 1182 2212">
     <span class='ocr_line' id='line_1_20' title="bbox 131 2016 1182 2110; baseline -0.002 -20"><span class='ocrx_word' id='word_1_146' title='bbox 131 2025 287 2110; x_wconf 85' lang='lat' dir='ltr'>paraturis</span> <span class='ocrx_word' id='word_1_147' title='bbox 302 2025 491 2090; x_wconf 74' lang='lat' dir='ltr'>ostenderet</span> <span class='ocrx_word' id='word_1_148' title='bbox 514 2024 569 2106; x_wconf 90' lang='lat' dir='ltr'>qui</span> <span class='ocrx_word' id='word_1_149' title='bbox 584 2025 681 2102; x_wconf 87' lang='lat' dir='ltr'>idem,</span> <span class='ocrx_word' id='word_1_150' title='bbox 707 2025 769 2088; x_wconf 89' lang='lat' dir='ltr'>boc</span> <span class='ocrx_word' id='word_1_151' title='bbox 785 2037 959 2090; x_wconf 81' lang='lat' dir='ltr'>accusante</span> <span class='ocrx_word' id='word_1_152' title='bbox 976 2025 1133 2109; x_wconf 84' lang='lat' dir='ltr'>Sulpicio,</span> <span class='ocrx_word' id='word_1_153' title='bbox 1170 2016 1182 2036; x_wconf 86' lang='lat'><strong><em>‘</em></strong></span> 
     </span>
     <span class='ocr_line' id='line_1_21' title="bbox 131 2129 1132 2212; baseline -0.002 -18"><span class='ocrx_word' id='word_1_154' title='bbox 131 2133 206 2194; x_wconf 76' lang='lat' dir='ltr'>cum</span> <span class='ocrx_word' id='word_1_155' title='bbox 223 2129 384 2199; x_wconf 88' lang='lat' dir='ltr'>hominem</span> <span class='ocrx_word' id='word_1_156' title='bbox 412 2129 596 2193; x_wconf 86' lang='lat' dir='ltr'>seditiosum</span> <span class='ocrx_word' id='word_1_157' title='bbox 622 2129 835 2212; x_wconf 87' lang='lat' dir='ltr'>furiosumque</span> <span class='ocrx_word' id='word_1_158' title='bbox 851 2129 1048 2204; x_wconf 86' lang='lat' dir='ltr'>defenderet,</span> <span class='ocrx_word' id='word_1_159' title='bbox 1064 2149 1132 2194; x_wconf 91' lang='lat' dir='ltr'>non</span> 
     </span>
    </p>
   </div>
   <div class='ocr_carea' id='block_1_8' title="bbox 45 2233 1133 2317">
    <p class='ocr_par' dir='ltr' id='par_1_9' title="bbox 45 2233 1133 2317">
     <span class='ocr_line' id='line_1_22' title="bbox 45 2233 1133 2317; baseline 0 -21"><span class='ocrx_word' id='word_1_160' title='bbox 45 2305 47 2309; x_wconf 89' lang='lat'>.</span> <span class='ocrx_word' id='word_1_161' title='bbox 131 2233 287 2298; x_wconf 90' lang='lat' dir='ltr'>dubitavit</span> <span class='ocrx_word' id='word_1_162' title='bbox 299 2234 468 2297; x_wconf 86' lang='lat' dir='ltr'>seditiones</span> <span class='ocrx_word' id='word_1_163' title='bbox 484 2233 569 2317; x_wconf 89' lang='lat' dir='ltr'>ipsas</span> <span class='ocrx_word' id='word_1_164' title='bbox 585 2254 709 2308; x_wconf 90' lang='lat' dir='ltr'>ornare,</span> <span class='ocrx_word' id='word_1_165' title='bbox 725 2254 764 2296; x_wconf 90' lang='lat' dir='ltr'>ac</span> <span class='ocrx_word' id='word_1_166' title='bbox 779 2234 1000 2297; x_wconf 85' lang='lat' dir='ltr'>demonstrare</span> <span class='ocrx_word' id='word_1_167' title='bbox 1013 2233 1133 2315; x_wconf 82' lang='lat' dir='ltr'>gravis·</span> 
     </span>
    </p>
   </div>
   <div class='ocr_carea' id='block_1_9' title="bbox 131 2335 1216 2527">
    <p class='ocr_par' dir='ltr' id='par_1_10' title="bbox 131 2335 1216 2527">
     <span class='ocr_line' id='line_1_23' title="bbox 131 2335 1216 2419; baseline 0.001 -21"><span class='ocrx_word' id='word_1_168' title='bbox 131 2337 216 2399; x_wconf 89' lang='lat' dir='ltr'>simis</span> <span class='ocrx_word' id='word_1_169' title='bbox 231 2335 345 2410; x_wconf 90' lang='lat' dir='ltr'>verbis,</span> <span class='ocrx_word' id='word_1_170' title='bbox 367 2336 482 2398; x_wconf 90' lang='lat' dir='ltr'>multos</span> <span class='ocrx_word' id='word_1_171' title='bbox 504 2340 591 2418; x_wconf 79' lang='lat' dir='ltr'>saepe</span> <span class='ocrx_word' id='word_1_172' title='bbox 607 2337 746 2418; x_wconf 88' lang='lat' dir='ltr'>impetus</span> <span class='ocrx_word' id='word_1_173' title='bbox 769 2336 879 2418; x_wconf 92' lang='lat' dir='ltr'>populi</span> <span class='ocrx_word' id='word_1_174' title='bbox 906 2358 970 2399; x_wconf 94' lang='lat' dir='ltr'>non</span> <span class='ocrx_word' id='word_1_175' title='bbox 997 2335 1132 2419; x_wconf 88' lang='lat' dir='ltr'>injustos</span> <span class='ocrx_word' id='word_1_176' title='bbox 1212 2343 1216 2347; x_wconf 83' lang='grc'><strong>“</strong></span> 
     </span>
     <span class='ocr_line' id='line_1_24' title="bbox 131 2436 1134 2527; baseline 0.003 -29"><span class='ocrx_word' id='word_1_177' title='bbox 131 2456 224 2527; x_wconf 17' lang='lat' dir='ltr'>esser!</span> <span class='ocrx_word' id='word_1_178' title='bbox 237 2456 316 2514; x_wconf 91' lang='lat' dir='ltr'>quos</span> <span class='ocrx_word' id='word_1_179' title='bbox 327 2447 478 2516; x_wconf 81' lang='lat' dir='ltr'>praestare</span> <span class='ocrx_word' id='word_1_180' title='bbox 495 2457 597 2498; x_wconf 89' lang='lat' dir='ltr'>nemo·</span> <span class='ocrx_word' id='word_1_181' title='bbox 606 2439 704 2516; x_wconf 87' lang='lat' dir='ltr'>possit</span> <span class='ocrx_word' id='word_1_182' title='bbox 716 2461 725 2510; x_wconf 74' lang='grc' dir='ltr'><strong>ς</strong></span> <span class='ocrx_word' id='word_1_183' title='bbox 748 2436 863 2498; x_wconf 85' lang='lat' dir='ltr'>multus</span> <span class='ocrx_word' id='word_1_184' title='bbox 873 2437 971 2500; x_wconf 89' lang='lat' dir='ltr'>etiam</span> <span class='ocrx_word' id='word_1_185' title='bbox 985 2459 1004 2500; x_wconf 89' lang='lat' dir='ltr'>e</span> <span class='ocrx_word' id='word_1_186' title='bbox 1016 2438 1134 2519; x_wconf 84' lang='lat' dir='ltr'>repub-</span> 
     </span>
    </p>
   </div>
   <div class='ocr_carea' id='block_1_10' title="bbox 111 2529 1134 2620">
    <p class='ocr_par' dir='ltr' id='par_1_11' title="bbox 111 2529 1134 2620">
     <span class='ocr_line' id='line_1_25' title="bbox 111 2529 1134 2620; baseline 0.011 -28"><span class='ocrx_word' id='word_1_187' title='bbox 111 2529 191 2599; x_wconf 78' lang='lat' dir='ltr'>tlicai</span> <span class='ocrx_word' id='word_1_188' title='bbox 203 2535 374 2598; x_wconf 86' lang='lat' dir='ltr'>seditiones</span> <span class='ocrx_word' id='word_1_189' title='bbox 386 2538 470 2616; x_wconf 76' lang='lat' dir='ltr'>saepe</span> <span class='ocrx_word' id='word_1_190' title='bbox 494 2557 564 2599; x_wconf 88' lang='lat' dir='ltr'>esse</span> <span class='ocrx_word' id='word_1_191' title='bbox 588 2536 702 2612; x_wconf 86' lang='lat' dir='ltr'>factas,</span> <span class='ocrx_word' id='word_1_192' title='bbox 718 2547 753 2598; x_wconf 92' lang='lat' dir='ltr'>ut</span> <span class='ocrx_word' id='word_1_193' title='bbox 763 2537 838 2599; x_wconf 83' lang='lat' dir='ltr'>crim</span> <span class='ocrx_word' id='word_1_194' title='bbox 855 2559 945 2620; x_wconf 83' lang='lat' dir='ltr'>reges</span> <span class='ocrx_word' id='word_1_195' title='bbox 961 2549 1066 2600; x_wconf 86' lang='lat' dir='ltr'>essent</span> <span class='ocrx_word' id='word_1_196' title='bbox 1079 2561 1134 2604; x_wconf 86' lang='lat' dir='ltr'>ex·</span> 
     </span>
    </p>
   </div>
   <div class='ocr_carea' id='block_1_11' title="bbox 125 2637 1221 3242">
    <p class='ocr_par' dir='ltr' id='par_1_12' title="bbox 125 2637 1221 3242">
     <span class='ocr_line' id='line_1_26' title="bbox 130 2637 1130 2722; baseline 0.007 -22"><span class='ocrx_word' id='word_1_197' title='bbox 130 2638 213 2714; x_wconf 82' lang='lat' dir='ltr'>acti,</span> <span class='ocrx_word' id='word_1_198' title='bbox 226 2645 261 2700; x_wconf 90' lang='lat' dir='ltr'>ut</span> <span class='ocrx_word' id='word_1_199' title='bbox 275 2639 349 2700; x_wconf 81' lang='lat' dir='ltr'>cnm</span> <span class='ocrx_word' id='word_1_200' title='bbox 363 2637 530 2700; x_wconf 87' lang='lat' dir='ltr'>tribunicia</span> <span class='ocrx_word' id='word_1_201' title='bbox 557 2647 700 2722; x_wconf 89' lang='lat' dir='ltr'>potestas</span> <span class='ocrx_word' id='word_1_202' title='bbox 726 2650 809 2701; x_wconf 88' lang='lat' dir='ltr'>esset</span> <span class='ocrx_word' id='word_1_203' title='bbox 825 2641 1018 2704; x_wconf 87' lang='lat' dir='ltr'>constituta:</span> <span class='ocrx_word' id='word_1_204' title='bbox 1041 2641 1130 2706; x_wconf 92' lang='lat' dir='ltr'>illam</span> 
     </span>
     <span class='ocr_line' id='line_1_27' title="bbox 130 2734 1132 2827; baseline 0.005 -21"><span class='ocrx_word' id='word_1_205' title='bbox 130 2741 277 2808; x_wconf 88' lang='lat' dir='ltr'>Norbani</span> <span class='ocrx_word' id='word_1_206' title='bbox 303 2741 504 2818; x_wconf 84' lang='lat' dir='ltr'>raditionem,</span> <span class='ocrx_word' id='word_1_207' title='bbox 531 2763 570 2803; x_wconf 86' lang='lat' dir='ltr'>ex</span> <span class='ocrx_word' id='word_1_208' title='bbox 597 2741 685 2804; x_wconf 92' lang='lat' dir='ltr'>luctu</span> <span class='ocrx_word' id='word_1_209' title='bbox 712 2734 886 2819; x_wconf 84' lang='lat' dir='ltr'>civibm,et</span> <span class='ocrx_word' id='word_1_210' title='bbox 913 2766 951 2808; x_wconf 85' lang='lat' dir='ltr'>ex</span> <span class='ocrx_word' id='word_1_211' title='bbox 967 2736 1132 2827; x_wconf 74' lang='lat' dir='ltr'>Caepionis</span> 
     </span>
     <span class='ocr_line' id='line_1_28' title="bbox 130 2835 1221 2931; baseline 0.005 -21"><span class='ocrx_word' id='word_1_212' title='bbox 130 2847 215 2924; x_wconf 89' lang='lat' dir='ltr'>odio,</span> <span class='ocrx_word' id='word_1_213' title='bbox 227 2846 279 2928; x_wconf 92' lang='lat' dir='ltr'>qni</span> <span class='ocrx_word' id='word_1_214' title='bbox 293 2845 467 2910; x_wconf 84' lang='lat' dir='ltr'>exercitum</span> <span class='ocrx_word' id='word_1_215' title='bbox 482 2844 645 2922; x_wconf 87' lang='lat' dir='ltr'>amiserat,</span> <span class='ocrx_word' id='word_1_216' title='bbox 661 2839 766 2929; x_wconf 89' lang='lat' dir='ltr'>neque</span> <span class='ocrx_word' id='word_1_217' title='bbox 778 2840 906 2930; x_wconf 85' lang='lat' dir='ltr'>reprimi</span> <span class='ocrx_word' id='word_1_218' title='bbox 922 2848 1072 2931; x_wconf 88' lang='lat' dir='ltr'>potuisse,</span> <span class='ocrx_word' id='word_1_219' title='bbox 1097 2861 1132 2914; x_wconf 92' lang='lat' dir='ltr'>et</span> <span class='ocrx_word' id='word_1_220' title='bbox 1164 2873 1170 2878; x_wconf 91' lang='lat'>·</span> <span class='ocrx_word' id='word_1_221' title='bbox 1186 2835 1188 2838; x_wconf 29' lang='lat'>⁵</span> <span class='ocrx_word' id='word_1_222' title='bbox 1215 2857 1221 2871; x_wconf 82' lang='lat'><strong><em>‘</em></strong></span> 
     </span>
     <span class='ocr_line' id='line_1_29' title="bbox 125 2948 1198 3035; baseline 0.004 -24"><span class='ocrx_word' id='word_1_223' title='bbox 125 2949 195 3033; x_wconf 88' lang='lat' dir='ltr'>jura</span> <span class='ocrx_word' id='word_1_224' title='bbox 211 2971 281 3012; x_wconf 88' lang='lat' dir='ltr'>esse</span> <span class='ocrx_word' id='word_1_225' title='bbox 296 2950 482 3015; x_wconf 86' lang='lat' dir='ltr'>conflatam.</span> <span class='ocrx_word' id='word_1_226' title='bbox 528 2948 638 3014; x_wconf 91' lang='lat' dir='ltr'>Potuit</span> <span class='ocrx_word' id='word_1_227' title='bbox 653 2950 704 3014; x_wconf 85' lang='lat' dir='ltr'>lric</span> <span class='ocrx_word' id='word_1_228' title='bbox 726 2951 899 3015; x_wconf 89' lang='lat' dir='ltr'>locustam</span> <span class='ocrx_word' id='word_1_229' title='bbox 915 2973 1046 3034; x_wconf 88' lang='lat' dir='ltr'>anceps,</span> <span class='ocrx_word' id='word_1_230' title='bbox 1060 2963 1131 3015; x_wconf 88' lang='lat' dir='ltr'>tam</span> <span class='ocrx_word' id='word_1_231' title='bbox 1195 3031 1198 3035; x_wconf 21' lang='grc' dir='ltr'>Ι</span> 
     </span>
     <span class='ocr_line' id='line_1_30' title="bbox 128 3045 1131 3136; baseline 0.002 -20"><span class='ocrx_word' id='word_1_232' title='bbox 128 3045 301 3128; x_wconf 86' lang='lat' dir='ltr'>inauditus,</span> <span class='ocrx_word' id='word_1_233' title='bbox 310 3064 376 3116; x_wconf 90' lang='lat' dir='ltr'>tam</span> <span class='ocrx_word' id='word_1_234' title='bbox 394 3054 543 3130; x_wconf 87' lang='lat' dir='ltr'>lubricus,</span> <span class='ocrx_word' id='word_1_235' title='bbox 556 3066 621 3120; x_wconf 88' lang='lat' dir='ltr'>tarn</span> <span class='ocrx_word' id='word_1_236' title='bbox 636 3051 751 3131; x_wconf 79' lang='lat' dir='ltr'>novus,</span> <span class='ocrx_word' id='word_1_237' title='bbox 761 3054 828 3118; x_wconf 87' lang='lat' dir='ltr'>sine</span> <span class='ocrx_word' id='word_1_238' title='bbox 844 3055 984 3136; x_wconf 73' lang='lat' dir='ltr'>quadam</span> <span class='ocrx_word' id='word_1_239' title='bbox 994 3056 1131 3134; x_wconf 82' lang='lat' dir='ltr'>incredi-</span> 
     </span>
     <span class='ocr_line' id='line_1_31' title="bbox 128 3155 1128 3242; baseline 0.005 -24"><span class='ocrx_word' id='word_1_240' title='bbox 128 3155 182 3218; x_wconf 93' lang='lat' dir='ltr'>bili</span> <span class='ocrx_word' id='word_1_241' title='bbox 198 3155 229 3216; x_wconf 89' lang='lat' dir='ltr'>vi</span> <span class='ocrx_word' id='word_1_242' title='bbox 244 3175 284 3218; x_wconf 90' lang='lat' dir='ltr'>ac</span> <span class='ocrx_word' id='word_1_243' title='bbox 299 3155 454 3220; x_wconf 88' lang='lat' dir='ltr'>facultate</span> <span class='ocrx_word' id='word_1_244' title='bbox 470 3158 599 3222; x_wconf 89' lang='lat' dir='ltr'>dicendi</span> <span class='ocrx_word' id='word_1_245' title='bbox 614 3159 763 3238; x_wconf 82' lang='lat' dir='ltr'>tractaril</span> <span class='ocrx_word' id='word_1_246' title='bbox 809 3158 897 3227; x_wconf 72' lang='lat' dir='ltr'>Quid</span> <span class='ocrx_word' id='word_1_247' title='bbox 922 3179 992 3242; x_wconf 82' lang='lat' dir='ltr'>ego</span> <span class='ocrx_word' id='word_1_248' title='bbox 1010 3159 1051 3222; x_wconf 87' lang='lat' dir='ltr'>de</span> <span class='ocrx_word' id='word_1_249' title='bbox 1068 3158 1128 3224; x_wconf 86' lang='lat' dir='ltr'>Cn.</span> 
     </span>
    </p>
   </div>
   <div class='ocr_carea' id='block_1_12' title="bbox 105 3259 1129 3344">
    <p class='ocr_par' dir='ltr' id='par_1_13' title="bbox 105 3259 1129 3344">
     <span class='ocr_line' id='line_1_32' title="bbox 105 3259 1129 3344; baseline 0.004 -22"><span class='ocrx_word' id='word_1_250' title='bbox 105 3276 113 3281; x_wconf 82' lang='grc'><em>·</em></span> <span class='ocrx_word' id='word_1_251' title='bbox 129 3259 253 3336; x_wconf 89' lang='lat' dir='ltr'>Manlii,</span> <span class='ocrx_word' id='word_1_252' title='bbox 269 3259 344 3340; x_wconf 86' lang='lat' dir='ltr'>quid</span> <span class='ocrx_word' id='word_1_253' title='bbox 357 3260 398 3322; x_wconf 84' lang='lat' dir='ltr'>de</span> <span class='ocrx_word' id='word_1_254' title='bbox 414 3259 459 3328; x_wconf 74' lang='lat' dir='ltr'>Q.</span> <span class='ocrx_word' id='word_1_255' title='bbox 476 3261 577 3344; x_wconf 83' lang='lat' dir='ltr'>Regis</span> <span class='ocrx_word' id='word_1_256' title='bbox 601 3262 881 3326; x_wconf 86' lang='lat' dir='ltr'>commiseratione</span> <span class='ocrx_word' id='word_1_257' title='bbox 896 3261 1028 3326; x_wconf 68' lang='lat' dir='ltr'>dicam?</span> <span class='ocrx_word' id='word_1_258' title='bbox 1052 3262 1129 3344; x_wconf 92' lang='lat' dir='ltr'>quid</span> 
     </span>
    </p>
   </div>
   <div class='ocr_carea' id='block_1_13' title="bbox 128 3359 1130 3753">
    <p class='ocr_par' dir='ltr' id='par_1_14' title="bbox 128 3359 1130 3753">
     <span class='ocr_line' id='line_1_33' title="bbox 129 3359 1130 3444; baseline 0.002 -18"><span class='ocrx_word' id='word_1_259' title='bbox 129 3363 170 3426; x_wconf 89' lang='lat' dir='ltr'>de</span> <span class='ocrx_word' id='word_1_260' title='bbox 183 3361 251 3424; x_wconf 91' lang='lat' dir='ltr'>aliis</span> <span class='ocrx_word' id='word_1_261' title='bbox 266 3359 568 3426; x_wconf 72' lang='lat' dir='ltr'>innumerabilibus?</span> <span class='ocrx_word' id='word_1_262' title='bbox 592 3365 751 3444; x_wconf 82' lang='lat' dir='ltr'>inquibus</span> <span class='ocrx_word' id='word_1_263' title='bbox 763 3387 826 3429; x_wconf 91' lang='lat' dir='ltr'>non</span> <span class='ocrx_word' id='word_1_264' title='bbox 841 3365 903 3428; x_wconf 92' lang='lat' dir='ltr'>hoc</span> <span class='ocrx_word' id='word_1_265' title='bbox 917 3365 1130 3429; x_wconf 80' lang='lat' dir='ltr'>maxirnbeni·</span> 
     </span>
     <span class='ocr_line' id='line_1_34' title="bbox 129 3463 1130 3551; baseline 0.004 -23"><span class='ocrx_word' id='word_1_266' title='bbox 129 3463 199 3540; x_wconf 90' lang='lat' dir='ltr'>tuit,</span> <span class='ocrx_word' id='word_1_267' title='bbox 214 3465 300 3544; x_wconf 89' lang='lat' dir='ltr'>quod</span> <span class='ocrx_word' id='word_1_268' title='bbox 313 3464 369 3527; x_wconf 90' lang='lat' dir='ltr'>tibi</span> <span class='ocrx_word' id='word_1_269' title='bbox 382 3484 492 3528; x_wconf 88' lang='lat' dir='ltr'>ornnes</span> <span class='ocrx_word' id='word_1_270' title='bbox 508 3465 598 3540; x_wconf 89' lang='lat' dir='ltr'>dant,</span> <span class='ocrx_word' id='word_1_271' title='bbox 610 3486 745 3530; x_wconf 82' lang='lat' dir='ltr'>acumen</span> <span class='ocrx_word' id='word_1_272' title='bbox 763 3468 932 3549; x_wconf 47' lang='lat' dir='ltr'>quoddam,</span> <span class='ocrx_word' id='word_1_273' title='bbox 949 3468 1109 3551; x_wconf 85' lang='lat' dir='ltr'>singulare</span> <span class='ocrx_word' id='word_1_274' title='bbox 1121 3494 1130 3545; x_wconf 84' lang='lat'><em>3</em></span> 
     </span>
     <span class='ocr_line' id='line_1_35' title="bbox 128 3566 1128 3655; baseline 0.004 -21"><span class='ocrx_word' id='word_1_275' title='bbox 128 3566 186 3634; x_wconf 84' lang='lat' dir='ltr'>sed</span> <span class='ocrx_word' id='word_1_276' title='bbox 198 3568 268 3631; x_wconf 84' lang='lat' dir='ltr'>haec</span> <span class='ocrx_word' id='word_1_277' title='bbox 284 3567 445 3650; x_wconf 66' lang='lat' dir='ltr'>ipsaque</span> <span class='ocrx_word' id='word_1_278' title='bbox 465 3588 552 3631; x_wconf 89' lang='lat' dir='ltr'>nunc</span> <span class='ocrx_word' id='word_1_279' title='bbox 580 3567 620 3630; x_wconf 88' lang='lat' dir='ltr'>ad</span> <span class='ocrx_word' id='word_1_280' title='bbox 633 3589 686 3631; x_wconf 88' lang='lat' dir='ltr'>me</span> <span class='ocrx_word' id='word_1_281' title='bbox 706 3569 858 3654; x_wconf 76' lang='lat' dir='ltr'>delegare</span> <span class='ocrx_word' id='word_1_282' title='bbox 874 3571 930 3648; x_wconf 89' lang='lat' dir='ltr'>vis,</span> <span class='ocrx_word' id='word_1_283' title='bbox 946 3593 986 3636; x_wconf 86' lang='lat' dir='ltr'>ea</span> <span class='ocrx_word' id='word_1_284' title='bbox 1001 3591 1128 3655; x_wconf 87' lang='lat' dir='ltr'>semper</span> 
     </span>
     <span class='ocr_line' id='line_1_36' title="bbox 128 3668 772 3753; baseline -0.002 -17"><span class='ocrx_word' id='word_1_285' title='bbox 128 3672 161 3736; x_wconf 92' lang='lat' dir='ltr'>in</span> <span class='ocrx_word' id='word_1_286' title='bbox 177 3682 209 3738; x_wconf 89' lang='lat' dir='ltr'>te</span> <span class='ocrx_word' id='word_1_287' title='bbox 225 3670 341 3737; x_wconf 84' lang='lat' dir='ltr'>eritnia</span> <span class='ocrx_word' id='word_1_288' title='bbox 357 3680 390 3734; x_wconf 90' lang='lat' dir='ltr'>et</span> <span class='ocrx_word' id='word_1_289' title='bbox 401 3668 587 3753; x_wconf 86' lang='lat' dir='ltr'>praestantia</span> <span class='ocrx_word' id='word_1_290' title='bbox 603 3669 739 3735; x_wconf 84' lang='lat' dir='ltr'>luerunt.</span> <span class='ocrx_word' id='word_1_291' title='bbox 770 3685 772 3690; x_wconf 82' lang='grc'>’</span> 
     </span>
    </p>
   </div>
   <div class='ocr_carea' id='block_1_14' title="bbox 0 0 1238 3966">
    <p class='ocr_par' dir='ltr' id='par_1_15' title="bbox 0 0 1238 3966">
     <span class='ocr_line' id='line_1_37' title="bbox 0 0 1238 3966; baseline 0 1"><span class='ocrx_word' id='word_1_292' title='bbox 0 0 1238 3966; x_wconf 95' lang='lat' dir='ltr'> </span> 
     </span>
    </p>
   </div>
  </div>
 </body>
</html>
