2466 3966
131 103 189 164 188
344 121 385 164 un
408 117 556 165 cainone
579 121 675 166 iruna
699 115 876 166 secuntus.

132 279 178 332 eat
188 266 220 329 in
235 277 286 328 te:
308 277 348 344 et,
362 241 510 353 quidquid
521 281 566 334 eat
579 269 661 332 uocis
672 289 711 332 ac
721 267 850 352 tingue,
860 287 945 332 omne
957 265 989 328 in
1004 265 1095 330 ictum
1165 307 1168 314 «

133 369 514 454 torpircimttotcalumnioe
527 384 674 457 qooertom
698 371 880 436 contulisti?
927 364 976 434 Tu
1001 367 1097 431 lucem

104 496 108 500 ’
132 472 272 558 aspicere
291 471 409 544 audeat
431 487 464 538 ιιι
487 475 542 540 ltoa
556 475 694 539 intueri?
717 488 750 538 ιιι
764 481 795 538 in
812 475 902 561 soro,
917 471 991 536 tuin
1012 469 1098 548 orbe,
1204 466 1211 476 '

135 590 168 640 ιιι
179 577 211 640 in
235 576 342 640 civium
361 599 427 644 eece
441 584 630 664 conspectu?
652 591 685 642 ιιι
709 577 794 643 illam
807 589 966 652 mortuam,
980 587 1012 638 tu
1026 573 1099 638 ima·

132 680 224 763 gitteo
235 679 321 762 ipsae
335 701 395 744 nort
405 681 644 764 perhorrescis?
666 681 774 766 quibus
796 701 857 744 nou
871 677 959 743 moue
982 676 1107 747 imitan-⁸
1214 749 1223 759 ι

134 783 193 860 die,
207 783 262 848 aed
271 805 308 847 ne
323 783 511 848 collocandis
521 783 642 868 quidem
653 785 708 849 tibi
718 783 813 848 ullum
828 783 926 848 locutu
937 779 1098 870 reliquisti.

178 887 261 952 LVI.
283 887 347 951 Sed
373 885 812 973 haeetragica‘utquadivina:
833 887 939 951 faceta
952 894 1102 948 autemet

137 989 257 1054 urbana
280 989 515 1054 innumerabilia
538 1011 576 1056 ex
599 992 660 1056 uuit
684 990 886 1056 contentione
907 985 1102 1052 meministis:
1209 983 1213 996 “

138 1113 198 1156 nec
213 1093 296 1157 enim
310 1093 422 1159 concio
434 1094 532 1179 major
546 1115 684 1179 unquam
698 1093 765 1171 luit,
779 1113 839 1156 uec
854 1092 938 1176 apud
954 1089 1103 1174 populum

138 1197 260 1280 gravior
282 1197 390 1274 oratio,
413 1199 509 1279 quem
524 1198 612 1283 hujus
626 1209 737 1276 contra
761 1196 917 1282 collegam
928 1196 960 1260 in
976 1193 1105 1258 censuri

139 1321 360 1384 nuper,neque
374 1301 479 1386 lepore
495 1313 527 1366 et
541 1302 706 1366 festivitate
716 1301 878 1366 conditior.
924 1377 928 1392 x

179 1405 293 1475 ‚Quare
303 1405 368 1482 tibi,
385 1405 509 1483 Antoni,
520 1416 684 1487 utrumque
697 1403 858 1481 assentior,
873 1415 905 1468 et
921 1402 1047 1467 multitm
1064 1401 1106 1465 ia·

142 1509 238 1573 cetius
253 1509 285 1572 in
299 1508 433 1572 diceudo
445 1509 593 1593 prodesse
605 1511 697 1592 saepe,
717 1522 749 1572 et
764 1529 817 1573 eus
833 1518 898 1572 arte
914 1507 997 1572 nullo
1013 1488 1107 1570 modo
1217 1543 1221 1552 ·

143 1611 338 1694 possetradi.
381 1610 460 1674 Illud
484 1611 609 1691 quidem
635 1612 779 1686 admiror,
804 1623 835 1674 te
851 1609 940 1674 nobis
960 1610 990 1673 in
1003 1630 1042 1674 eo
1056 1629 1109 1692 ge·

144 1733 217 1777 uere
227 1711 506 1787 tribuissetantum,
518 1723 549 1776 et
559 1711 719 1796 nou'hujua
729 1713 772 1776 rei
782 1733 905 1794 quoque
918 1712 1066 1796 palmam,
1075 1723 1110 1775 ut
1209 1753 1212 1770 r

146 1825 339 1889 caeterarum,
351 1814 464 1878 Crasso
479 1814 633 1880 detulisse.
676 1814 759 1879 Tum
775 1816 940 1891 Antonius,
952 1815 1022 1899 Ego
1038 1815 1109 1879 uerit
1213 1852 1217 1862 -

145 1917 350 1994 itafeeiasem,
369 1917 477 1998 inquit,
500 1918 556 1981 nisi
575 1918 739 1995 interdum,
764 1919 794 1982 in
815 1919 886 1995 hoc,
907 1917 1111 2002 Crassopan·
1225 1943 1226 1950 ¹

145 2022 209 2085 lum
236 2020 419 2085 inviderem:
442 2041 515 2084 nam
531 2043 598 2085 esee
613 2022 753 2104 quamvis
770 2021 907 2087 facetum
934 2033 1027 2103 atque
1052 2021 1112 2086 eal·

147 2147 227 2202 sum,
241 2134 304 2190 non
320 2124 409 2190 nimis
420 2137 468 2189 eat
491 2125 702 2210 perseipsum
718 2126 936 2190 invidendum:
958 2126 1024 2202 sed,
1039 2129 1111 2190 clm
1203 2142 1206 2152 ⁴

148 2229 288 2294 omnium
301 2229 341 2292 eit
356 2229 584 2302 venustissimus
599 2241 630 2294 et
641 2229 870 2306 urbanissimus,
895 2228 1034 2294 omnium
1045 2249 1114 2314 gra-

18 2353 22 2364 '
130 2335 305 2398 ¹tissimum
330 2343 362 2396 et
384 2333 606 2398 severissimum
634 2345 665 2397 et
680 2356 747 2399 esse
769 2344 802 2398 et
826 2334 931 2411 videri,
956 2335 1040 2417 quod
1065 2333 1115 2398 isti
1225 2387 1226 2418 ,

150 2433 282 2518 contigit
295 2435 359 2511 uni,
380 2435 410 2498 id
427 2436 499 2500 mihi
511 2436 559 2498 vix
574 2435 735 2502 ferendum
750 2437 919 2502 videbatur.
963 2437 1026 2501 Hic
1041 2439 1113 2502 oum

151 2539 299 2604 arrisisset
321 2538 387 2622 ipse
410 2537 549 2615 Crassus,
575 2539 735 2618 Attamen,
752 2540 849 2622 inquit
864 2541 1117 2616 Antoniae,ci1m

152 2657 333 2708 artemessa
348 2631 541 2720 facetiarum,
556 2641 626 2720 lali,
642 2665 783 2729 negares,
798 2645 942 2728 aperuisti
957 2645 1118 2727 quiddam,

152 2746 234 2830 quod
250 2745 678 2831 praecipiendumvideretur.
722 2747 842 2812 Huberi
861 2749 945 2813 enim
955 2749 1057 2813 dixisti
1071 2771 1119 2814 ra·

154 2853 272 2916 tionem
298 2860 440 2934 oportere
456 2849 625 2928 hominum,
646 2851 698 2929 rei,
717 2851 875 2937 temporis,
890 2873 929 2918 ne
945 2853 1017 2934 quid
1025 2853 1120 2938 jactae
1171 2861 1174 2870 “
1225 2939 1226 2942 ¹

155 2956 195 3018 de
210 2953 361 3038 gravitate
376 2954 558 3038 decerperet
568 2971 585 3030 ς·
598 2957 681 3039 quod
698 2956 822 3039 quidem
833 2955 863 3020 in
880 2955 1014 3040 primisa
1029 2957 1121 3023 Cras·
1225 2945 1226 2996 ³

155 3080 190 3122 so
215 3055 369 3120 observari
383 3057 470 3122 solet.
514 3059 578 3123 Sed
594 3060 654 3124 hoe
680 3070 868 3144 praeceptum
885 3061 1122 3144 praetermitten-

157 3161 231 3224 dum
248 3169 296 3223 est
314 3158 505 3237 facetiarum,
520 3165 593 3226 cum
613 3162 659 3226 his
674 3163 747 3226 nihil
767 3147 845 3247 opus
868 3163 920 3227 ait:
943 3185 1000 3237 nos
1015 3177 1120 3231 autem
1204 3165 1206 3173 ’

157 3263 314 3347 quomodo
324 3271 461 3339 utamur,
475 3268 546 3328 cum
563 3286 640 3350 opus
651 3265 698 3340 ait,
713 3265 891 3348 quaerimue:
914 3277 948 3332 ut
962 3269 993 3332 in
1015 3269 1122 3336 adver·

136 3397 139 3404 ¹
158 3367 281 3442 sarium,
295 3377 327 3430 et
339 3366 481 3444 maxime,
496 3366 520 3431 ai
535 3369 600 3454 ejus
613 3368 743 3432 stultitia
757 3370 869 3452 poterit
881 3371 1002 3456 agitari,
1015 3374 1046 3436 in
1062 3384 1125 3439 tea·
1210 3445 1226 3458 ,Ἴ

72 3517 76 3525 .
158 3484 221 3538 tem
237 3467 372 3548 stultum,
383 3470 541 3554 cupidum,
555 3471 668 3546 levem,¹
690 3471 714 3535 si
729 3471 819 3538 facile
833 3475 974 3540 homines
989 3476 1123 3542 audituri
1163 3491 1167 3497 “

160 3572 354 3642 videbuntur.
398 3572 535 3638 Omnino
559 3573 769 3658 probabiliora
793 3588 874 3654 suut,
893 3595 965 3662 quae
989 3579 1125 3646 lacessiti
