2400 3980
150 153 191 213 ⁴0
392 167 434 212 ιιι
456 167 607 211 cannonis
630 165 727 212 ιιιιιιιι
750 167 880 212 rursus.

149 315 371 382 admirationes
381 315 411 380 ιιι
421 313 511 382 bonis
523 315 697 380 oratoribus
705 315 862 392 efficiunt3
883 335 986 398 neque
995 337 1035 380 ee
1044 317 1138 399 quis-

149 440 256 503 quum,
268 419 388 486 nisidio
401 419 593 503 multquue
608 419 795 503 scriptitarit,
814 420 947 485 etiamsi
959 421 1137 485 vehemen-

148 525 264 590 tissime
279 545 313 590 se
335 525 365 588 in
392 524 438 588 his
463 524 570 591 subitis
592 519 782 588 dietiedibus
806 526 990 600 exercuerit,
1015 543 1155 608 eonse-¹

149 637 278 711 quetur:
301 627 399 709 etqui
415 649 433 690 a
451 627 607 692 scribendi
633 628 860 692 consuetudine
887 628 926 691 ud
954 627 1134 692 dicendum

75 761 77 771 ι
148 733 243 810 venit,
257 733 341 796 hene
356 730 447 796 effert
460 726 654 809 facultatem,
676 743 721 808 ut,
741 732 837 796 etiam
852 733 957 797 subito
980 733 1004 796 si
1028 733 1135 811 dieat,

147 847 256 902 lamen
271 835 333 912 illa,
347 855 418 917 quse
432 835 586 912 dieantur,
600 835 710 901 similia
725 837 909 920 scriptorum
920 858 988 901 esse
999 836 1133 902 videan-

148 952 216 1017 tur3
238 949 332 1022 atque
347 939 453 1016 etiam,
477 940 645 1022 siquando
660 940 689 1004 in
716 941 852 1030 dicendo
867 941 1018 1024 seriptum
1043 951 1133 1006 attu-

147 1043 215 1108 lerit
228 1043 354 1124 aliquid,
368 1047 440 1108 edm
457 1044 497 1108 ab
513 1065 551 1108 eo
563 1043 748 1121 discesserit,
763 1045 881 1126 reliqua
903 1045 1008 1109 similis
1024 1049 1133 1110 oratio

149 1158 367 1229 consequetur.
410 1147 464 1224 Ut,
479 1147 639 1220 concitato
654 1148 789 1232 navigio,
805 1151 877 1212 erim
893 1149 1027 1233 remiges
1049 1147 1133 1212 inhi-

148 1251 293 1328 buerunt,
301 1252 413 1316 retinet
423 1261 529 1316 tamen
540 1252 607 1336 ipsa
617 1252 703 1315 novis
713 1263 833 1342 motum
843 1261 875 1316 et
890 1273 1015 1317 cursum
1025 1271 1131 1329 suum,

146 1354 339 1420 intermisso
331 1365 450 1440 unpetu
460 1355 610 1440 pulsuque
620 1375 792 1433 remorum,
814 1377 895 1420 srern
905 1357 1048 1420 oratione
1058 1377 1132 1441 per

45 1440 253 1544 llrl’pdidd,
267 1461 467 1581 οὺιιιιοιιριι
477 1459 627 1525 deliciunt
628 1471 756 1544 ,parem
772 1470 879 1525 tamen
893 1460 1015 1524 obtinet
1024 1461 1130 1526 oratio

31 1589 37 1616 τ
49 1587 58 1617 ι·
71 1565 73 1576 “
88 1569 111 1610 *ί
146 1546 309 1646 ιιιιῇιιι
281 1555 416 1641 etl'rsdm,
438 1565 622 1648 scriptorum
638 1564 843 1659 similitudine
863 1575 895 1631 et
909 1585 938 1628 vr
930 1564 1128 1630 concitata.

67 1657 71 1663 ’
99 1671 102 1678 ’
190 1665 340 1732 XXXIV.
357 1665 586 1749 lnquotrdiems
598 1676 703 1731 autem
715 1629 971 1752 cogitationbius,
979 1668 1128 1750 equidem

148 1768 223 1833 mihi
233 1769 482 1834 adolescentulus
493 1789 668 1854 proponere
677 1771 819 1836 solebam
834 1771 918 1836 illam
930 1771 1129 1838 exercitatio·

147 1891 222 1938 nem
236 1844 380 1951 inanime,
391 1872 451 1956 qud
461 1874 497 1939 C.
509 1873 698 1952 Carbonem,
708 1886 847 1940 nostrum
857 1875 943 1940 illum
953 1876 1129 1956 inimicum,
1145 1943 1147 1946 ,
1192 1919 1193 1930 ι

146 1973 271 2041 solitum
280 1991 348 2043 esse
360 1975 404 2042 uti
415 1977 565 2060 sciebam,
580 1989 614 2042 ut
629 1989 682 2042 eut
697 1979 834 2044 versibus
849 1980 1015 2065 propositis
1030 1981 1128 2062 quam
1191 2023 1193 2040 ι

88 2121 95 2145 ,ι
147 2075 280 2148 munins
249 2081 447 2251 mappas,
459 2092 513 2148 aut
523 2096 665 2148 orutrone
676 2081 777 2165 aquua
788 2083 870 2148 leetd
880 2085 920 2148 ad
935 2105 1007 2148 eum
1018 2085 1128 2163 finem,

26 2181 31 2188 ’
48 2196 53 2205 ’
122 2193 131 2208 ’
147 2155 269 2269 q'it‘em
253 2169 365 2252 bieme
384 2209 401 2250 a
417 2207 542 2272 possem
556 2188 832 2272 comprehendere,
847 2208 919 2252 eam
933 2209 999 2252 rem
1014 2187 1128 2273 ipsam,

146 2307 241 2373 quam
255 2291 411 2376 legissem,
425 2291 526 2356 verbis
542 2291 608 2356 aliis
623 2313 715 2374 quarn
731 2293 865 2356 manime
880 2311 1005 2376 possem
1026 2289 1128 2371 lectis,

146 2394 389 2479 pronuntiarem.
425 2394 490 2458 Sed
506 2406 577 2478 post
592 2394 878 2473 anirnadverti,hoc
890 2395 1000 2460 essein
1013 2395 1127 2459 hocvi-

145 2495 190 2574 tii,
212 2495 296 2578 qudd
319 2519 359 2561 ea
375 2497 482 2573 verbs,
504 2517 573 2580 quae
595 2497 729 2562 maxime
751 2499 899 2583 cujusque
921 2498 966 2563 rei
988 2498 1127 2583 propriu,

145 2621 277 2683 quaeque
299 2612 403 2666 essent
429 2600 626 2665 ornatissima
649 2612 742 2684 atque
765 2602 896 2686 optima,
926 2603 1127 2688 oceupdsset,

145 2715 199 2770 aut
209 2704 339 2781 Ennius,
354 2705 379 2770 si
391 2706 430 2769 ed
441 2705 505 2790 ejus
515 2725 618 2770 versus
629 2726 679 2769 me
689 2727 877 2784 exercerem,
887 2717 941 2771 unt
951 2707 1127 2786 Gracchus,
1145 2752 1155 2758 s

144 2809 170 2875 si
182 2810 247 2895 ejus
262 2809 437 2874 orationem
451 2808 526 2873 mibi
540 2808 618 2874 forte
634 2809 883 2894 proposuissem:
906 2809 960 2886 ita,
975 2810 1000 2874 si
1015 2809 1128 2876 iisdem

144 2914 246 2979 verbis
261 2925 373 2990 uterer,
398 2912 472 2977 nihil
487 2913 651 2998 prodesse3
665 2913 690 2978 si
700 2913 777 2991 aliis,
797 2914 893 2978 etiam
908 2916 1030 2994 obesse,
1051 2920 1127 2982 etim

145 3016 246 3081 mimis
274 3016 394 3080 idoneis
409 3016 454 3080 uti
475 3037 723 3082 consuescerem.
768 3017 883 3083 Postea
901 3019 975 3083 milri
997 3020 1127 3104 placuit,

143 3119 245 3203 eoq'ue
257 3139 326 3183 sum
337 3141 408 3184 usus
421 3121 615 3198 adolescens,
624 3134 658 3185 ut
667 3140 859 3187 summorum
871 3135 1029 3187 oratorum
1039 3123 1127 3188 Grae·
1189 3181 1193 3193 .

144 3245 199 3290 eas
211 3223 369 3289 orationes
381 3224 593 3309 explicarem:
619 3224 730 3307 quibus
745 3225 833 3290 lectis
848 3226 910 3290 hoc
926 3228 1126 3310 assequebur,

142 3337 187 3406 ut,
201 3332 275 3393 cbm
297 3349 346 3405 ee,
362 3349 431 3411 qum
450 3326 589 3413 legerem
604 3329 727 3424 Graece,
749 3329 862 3394 Latinb
874 3332 1048 3408 redderem,
1059 3353 1126 3398 non

140 3431 242 3496 solbm
258 3431 382 3516 optimis
396 3431 496 3496 verbis
508 3441 620 3508 uterer,
636 3443 668 3496 et
682 3443 789 3496 tamen
812 3433 942 3512 usitatis,
954 3435 1011 3499 red
1028 3434 1125 3499 etiam
1192 3469 1193 3472 ι

139 3534 349 3622 exprimerem
363 3536 509 3618 quoedum
523 3535 619 3598 verba
635 3534 797 3613 imitando,
819 3558 889 3619 ques
911 3559 993 3603 nova
1010 3540 1124 3605 nostris

141 3651 256 3720 essent,
271 3638 442 3704 dummodo
457 3649 562 3704 essent
577 3639 701 3706 idonea.
745 3640 818 3710 lum
832 3641 928 3720 vocis,
943 3655 974 3716 et
989 3643 1125 3732 spiritus.
