<?xml version="1.0" encoding="UTF-8"?>
<!DOCTYPE html PUBLIC "-//W3C//DTD XHTML 1.0 Transitional//EN"
    "http://www.w3.org/TR/xhtml1/DTD/xhtml1-transitional.dtd">
<html xmlns="http://www.w3.org/1999/xhtml" xml:lang="en" lang="en">
 <head>
  <title>
</title>
<meta http-equiv="Content-Type" content="text/html;charset=utf-8" />
  <meta name='ocr-system' content='tesseract 3.04.00' />
  <meta name='ocr-capabilities' content='ocr_page ocr_carea ocr_par ocr_line ocrx_word'/>
</head>
<body>
  <div class='ocr_page' id='page_1' title='image "./mtuliiciceronis01cicegoog/mtuliiciceronis01cicegoog_0168.png"; bbox 0 0 2466 3966; ppageno 0'>
   <div class='ocr_carea' id='block_1_1' title="bbox 364 128 1108 202">
    <p class='ocr_par' dir='ltr' id='par_1_1' title="bbox 364 128 1108 202">
     <span class='ocr_line' id='line_1_1' title="bbox 364 128 1108 202; baseline 0.008 -6"><span class='ocrx_word' id='word_1_1' title='bbox 364 149 407 197; x_wconf 81' lang='lat' dir='ltr'>ns</span> <span class='ocrx_word' id='word_1_2' title='bbox 423 147 572 196; x_wconf 77' lang='lat' dir='ltr'>orarem</span> <span class='ocrx_word' id='word_1_3' title='bbox 589 149 685 196; x_wconf 78' lang='lat' dir='ltr'>orsas</span> <span class='ocrx_word' id='word_1_4' title='bbox 701 128 877 202; x_wconf 78' lang='lat' dir='ltr'>iniussus.</span> <span class='ocrx_word' id='word_1_5' title='bbox 1049 140 1108 202; x_wconf 77' lang='lat' dir='ltr'>tte</span> 
     </span>
    </p>
   </div>
   <div class='ocr_carea' id='block_1_2' title="bbox 130 293 1187 1638">
    <p class='ocr_par' dir='ltr' id='par_1_2' title="bbox 130 293 1130 597">
     <span class='ocr_line' id='line_1_2' title="bbox 138 293 1110 379; baseline 0.002 -13"><span class='ocrx_word' id='word_1_6' title='bbox 138 299 255 366; x_wconf 75' lang='lat' dir='ltr'>donem</span> <span class='ocrx_word' id='word_1_7' title='bbox 272 299 399 379; x_wconf 86' lang='lat' dir='ltr'>occidit,</span> <span class='ocrx_word' id='word_1_8' title='bbox 426 311 458 366; x_wconf 90' lang='lat' dir='ltr'>ut</span> <span class='ocrx_word' id='word_1_9' title='bbox 474 311 585 368; x_wconf 86' lang='lat' dir='ltr'>testem</span> <span class='ocrx_word' id='word_1_10' title='bbox 602 293 741 366; x_wconf 87' lang='lat' dir='ltr'>omnium</span> <span class='ocrx_word' id='word_1_11' title='bbox 757 299 833 366; x_wconf 87' lang='lat' dir='ltr'>risus</span> <span class='ocrx_word' id='word_1_12' title='bbox 847 299 1002 368; x_wconf 86' lang='lat' dir='ltr'>obrueret.</span> <span class='ocrx_word' id='word_1_13' title='bbox 1043 301 1110 369; x_wconf 88' lang='lat' dir='ltr'>Hu-</span> 
     </span>
     <span class='ocr_line' id='line_1_3' title="bbox 131 390 1130 502; baseline 0.004 -34"><span class='ocrx_word' id='word_1_14' title='bbox 131 405 182 491; x_wconf 86' lang='lat' dir='ltr'>jus</span> <span class='ocrx_word' id='word_1_15' title='bbox 192 405 315 492; x_wconf 78' lang='lat' dir='ltr'>generis</span> <span class='ocrx_word' id='word_1_16' title='bbox 330 416 375 470; x_wconf 89' lang='lat' dir='ltr'>cst</span> <span class='ocrx_word' id='word_1_17' title='bbox 389 406 499 490; x_wconf 88' lang='lat' dir='ltr'>plenus</span> <span class='ocrx_word' id='word_1_18' title='bbox 512 403 539 470; x_wconf 92' lang='lat' dir='ltr'><strong>N</strong></span> <span class='ocrx_word' id='word_1_19' title='bbox 545 405 648 482; x_wconf 68' lang='lat' dir='ltr'>uvius,</span> <span class='ocrx_word' id='word_1_20' title='bbox 660 417 690 470; x_wconf 91' lang='lat' dir='ltr'>et</span> <span class='ocrx_word' id='word_1_21' title='bbox 698 405 789 502; x_wconf 86' lang='lat' dir='ltr'>jocus</span> <span class='ocrx_word' id='word_1_22' title='bbox 804 417 851 470; x_wconf 90' lang='lat' dir='ltr'>est</span> <span class='ocrx_word' id='word_1_23' title='bbox 868 399 1108 486; x_wconf 53' lang='lat' dir='ltr'>semilierifflo·</span> <span class='ocrx_word' id='word_1_24' title='bbox 1124 390 1130 446; x_wconf 46' lang='grc'>’·</span> 
     </span>
     <span class='ocr_line' id='line_1_4' title="bbox 130 508 858 597; baseline 0.003 -23"><span class='ocrx_word' id='word_1_25' title='bbox 130 509 224 597; x_wconf 82' lang='lat' dir='ltr'>piens</span> <span class='ocrx_word' id='word_1_26' title='bbox 237 508 264 574; x_wconf 87' lang='lat' dir='ltr'>si</span> <span class='ocrx_word' id='word_1_27' title='bbox 278 508 411 594; x_wconf 77' lang='lat' dir='ltr'>algebis,</span> <span class='ocrx_word' id='word_1_28' title='bbox 421 523 550 575; x_wconf 79' lang='lat' dir='ltr'>tremes:</span> <span class='ocrx_word' id='word_1_29' title='bbox 571 521 604 576; x_wconf 88' lang='lat' dir='ltr'>et</span> <span class='ocrx_word' id='word_1_30' title='bbox 619 509 679 574; x_wconf 85' lang='lat' dir='ltr'>sliu</span> <span class='ocrx_word' id='word_1_31' title='bbox 696 509 858 595; x_wconf 85' lang='lat' dir='ltr'>permulto.</span> 
     </span>
    </p>

    <p class='ocr_par' dir='ltr' id='par_1_3' title="bbox 132 611 1187 1638">
     <span class='ocr_line' id='line_1_5' title="bbox 178 611 1109 702; baseline 0.003 -25"><span class='ocrx_word' id='word_1_32' title='bbox 178 611 296 678; x_wconf 84' lang='lat' dir='ltr'>Lxxt.</span> <span class='ocrx_word' id='word_1_33' title='bbox 320 613 413 698; x_wconf 75' lang='lat' dir='ltr'>Soepe</span> <span class='ocrx_word' id='word_1_34' title='bbox 426 614 522 678; x_wconf 88' lang='lat' dir='ltr'>etiam</span> <span class='ocrx_word' id='word_1_35' title='bbox 543 613 643 679; x_wconf 74' lang='lat' dir='ltr'>faceti</span> <span class='ocrx_word' id='word_1_36' title='bbox 664 614 822 679; x_wconf 88' lang='lat' dir='ltr'>concedas</span> <span class='ocrx_word' id='word_1_37' title='bbox 845 613 1109 702; x_wconf 77' lang='lat' dir='ltr'>edversarioidip·</span> 
     </span>
     <span class='ocr_line' id='line_1_6' title="bbox 135 716 1108 804; baseline 0.001 -21"><span class='ocrx_word' id='word_1_38' title='bbox 135 735 216 794; x_wconf 86' lang='lat' dir='ltr'>sum,</span> <span class='ocrx_word' id='word_1_39' title='bbox 230 717 314 801; x_wconf 90' lang='lat' dir='ltr'>quod</span> <span class='ocrx_word' id='word_1_40' title='bbox 341 717 396 782; x_wconf 92' lang='lat' dir='ltr'>tibi</span> <span class='ocrx_word' id='word_1_41' title='bbox 419 717 469 783; x_wconf 89' lang='lat' dir='ltr'>ille</span> <span class='ocrx_word' id='word_1_42' title='bbox 495 716 648 782; x_wconf 79' lang='lat' dir='ltr'>detrahit:</span> <span class='ocrx_word' id='word_1_43' title='bbox 671 729 705 783; x_wconf 92' lang='lat' dir='ltr'>ut</span> <span class='ocrx_word' id='word_1_44' title='bbox 720 718 756 783; x_wconf 91' lang='lat' dir='ltr'>C.</span> <span class='ocrx_word' id='word_1_45' title='bbox 771 717 894 797; x_wconf 80' lang='lat' dir='ltr'>Laettus,</span> <span class='ocrx_word' id='word_1_46' title='bbox 908 721 981 784; x_wconf 79' lang='lat' dir='ltr'>edm</span> <span class='ocrx_word' id='word_1_47' title='bbox 997 718 1026 784; x_wconf 94' lang='lat' dir='ltr'>ei</span> <span class='ocrx_word' id='word_1_48' title='bbox 1040 719 1108 804; x_wconf 87' lang='lat' dir='ltr'>qui·</span> 
     </span>
     <span class='ocr_line' id='line_1_7' title="bbox 136 823 1175 909; baseline 0.002 -21"><span class='ocrx_word' id='word_1_49' title='bbox 136 823 210 888; x_wconf 89' lang='lat' dir='ltr'>dom</span> <span class='ocrx_word' id='word_1_50' title='bbox 224 823 307 888; x_wconf 85' lang='lat' dir='ltr'>malo</span> <span class='ocrx_word' id='word_1_51' title='bbox 321 843 436 908; x_wconf 85' lang='lat' dir='ltr'>genere</span> <span class='ocrx_word' id='word_1_52' title='bbox 451 834 542 888; x_wconf 83' lang='lat' dir='ltr'>natus</span> <span class='ocrx_word' id='word_1_53' title='bbox 557 823 682 901; x_wconf 86' lang='lat' dir='ltr'>diceret,</span> <span class='ocrx_word' id='word_1_54' title='bbox 697 823 861 909; x_wconf 84' lang='lat' dir='ltr'>indignum</span> <span class='ocrx_word' id='word_1_55' title='bbox 884 845 951 890; x_wconf 88' lang='lat' dir='ltr'>esse</span> <span class='ocrx_word' id='word_1_56' title='bbox 967 823 1028 889; x_wconf 90' lang='lat' dir='ltr'>suis</span> <span class='ocrx_word' id='word_1_57' title='bbox 1044 845 1108 890; x_wconf 84' lang='lat' dir='ltr'>ms·</span> <span class='ocrx_word' id='word_1_58' title='bbox 1172 855 1175 866; x_wconf 88' lang='lat'><em>·</em></span> 
     </span>
     <span class='ocr_line' id='line_1_8' title="bbox 132 925 1106 1020; baseline 0.004 -28"><span class='ocrx_word' id='word_1_59' title='bbox 132 925 260 1014; x_wconf 88' lang='lat' dir='ltr'>joribus,</span> <span class='ocrx_word' id='word_1_60' title='bbox 275 925 476 1020; x_wconf 23' lang='lat' dir='ltr'>rit,⁸lrereule,</span> <span class='ocrx_word' id='word_1_61' title='bbox 491 926 599 1011; x_wconf 92' lang='lat' dir='ltr'>inquit,</span> <span class='ocrx_word' id='word_1_62' title='bbox 620 940 652 992; x_wconf 86' lang='lat' dir='ltr'>tu</span> <span class='ocrx_word' id='word_1_63' title='bbox 663 927 723 993; x_wconf 86' lang='lat' dir='ltr'>tuis</span> <span class='ocrx_word' id='word_1_64' title='bbox 737 927 861 1012; x_wconf 82' lang='lat' dir='ltr'>dignus.</span> <span class='ocrx_word' id='word_1_65' title='bbox 906 929 998 1014; x_wconf 77' lang='lat' dir='ltr'>Seps</span> <span class='ocrx_word' id='word_1_66' title='bbox 1011 929 1106 996; x_wconf 85' lang='lat' dir='ltr'>etiem</span> 
     </span>
     <span class='ocr_line' id='line_1_9' title="bbox 135 1031 1108 1117; baseline 0.003 -20"><span class='ocrx_word' id='word_1_67' title='bbox 135 1033 322 1098; x_wconf 72' lang='lat' dir='ltr'>sententiose</span> <span class='ocrx_word' id='word_1_68' title='bbox 337 1031 467 1097; x_wconf 88' lang='lat' dir='ltr'>ridicula</span> <span class='ocrx_word' id='word_1_69' title='bbox 481 1031 643 1097; x_wconf 83' lang='lat' dir='ltr'>dicuntur:</span> <span class='ocrx_word' id='word_1_70' title='bbox 666 1043 699 1096; x_wconf 92' lang='lat' dir='ltr'>ut</span> <span class='ocrx_word' id='word_1_71' title='bbox 715 1032 759 1098; x_wconf 88' lang='lat' dir='ltr'>M.</span> <span class='ocrx_word' id='word_1_72' title='bbox 777 1033 912 1112; x_wconf 79' lang='lat' dir='ltr'>Cincius,</span> <span class='ocrx_word' id='word_1_73' title='bbox 927 1055 989 1117; x_wconf 86' lang='lat' dir='ltr'>quo</span> <span class='ocrx_word' id='word_1_74' title='bbox 1004 1033 1054 1099; x_wconf 93' lang='lat' dir='ltr'>die</span> <span class='ocrx_word' id='word_1_75' title='bbox 1066 1033 1108 1100; x_wconf 90' lang='lat' dir='ltr'>le·</span> 
     </span>
     <span class='ocr_line' id='line_1_10' title="bbox 135 1134 1187 1223; baseline 0.002 -21"><span class='ocrx_word' id='word_1_76' title='bbox 135 1157 208 1223; x_wconf 81' lang='lat' dir='ltr'>gem</span> <span class='ocrx_word' id='word_1_77' title='bbox 225 1137 264 1202; x_wconf 87' lang='lat' dir='ltr'>de</span> <span class='ocrx_word' id='word_1_78' title='bbox 279 1137 369 1202; x_wconf 88' lang='lat' dir='ltr'>donis</span> <span class='ocrx_word' id='word_1_79' title='bbox 385 1146 417 1202; x_wconf 88' lang='lat' dir='ltr'>et</span> <span class='ocrx_word' id='word_1_80' title='bbox 431 1135 609 1202; x_wconf 88' lang='lat' dir='ltr'>muneribus</span> <span class='ocrx_word' id='word_1_81' title='bbox 624 1134 702 1212; x_wconf 86' lang='lat' dir='ltr'>tulit,</span> <span class='ocrx_word' id='word_1_82' title='bbox 717 1139 790 1200; x_wconf 83' lang='lat' dir='ltr'>clnn</span> <span class='ocrx_word' id='word_1_83' title='bbox 802 1137 837 1203; x_wconf 83' lang='grc' dir='ltr'>Ο.</span> <span class='ocrx_word' id='word_1_84' title='bbox 854 1139 956 1204; x_wconf 87' lang='lat' dir='ltr'>Cento</span> <span class='ocrx_word' id='word_1_85' title='bbox 980 1137 1107 1223; x_wconf 86' lang='lat' dir='ltr'>prodiis-</span> <span class='ocrx_word' id='word_1_86' title='bbox 1184 1159 1187 1167; x_wconf 73' lang='grc'>’</span> 
     </span>
     <span class='ocr_line' id='line_1_11' title="bbox 134 1239 1178 1329; baseline 0 -23"><span class='ocrx_word' id='word_1_87' title='bbox 134 1252 191 1320; x_wconf 85' lang='lat' dir='ltr'>set,</span> <span class='ocrx_word' id='word_1_88' title='bbox 206 1253 238 1307; x_wconf 87' lang='lat' dir='ltr'>et</span> <span class='ocrx_word' id='word_1_89' title='bbox 253 1241 329 1307; x_wconf 85' lang='lat' dir='ltr'>satis</span> <span class='ocrx_word' id='word_1_90' title='bbox 345 1241 580 1317; x_wconf 63' lang='lat' dir='ltr'>contumeliosi,</span> <span class='ocrx_word' id='word_1_91' title='bbox 600 1239 772 1329; x_wconf 80' lang='lat' dir='ltr'>Qnidfers‚</span> <span class='ocrx_word' id='word_1_92' title='bbox 798 1241 936 1306; x_wconf 77' lang='lat' dir='ltr'>Cinciole</span> <span class='ocrx_word' id='word_1_93' title='bbox 946 1248 967 1304; x_wconf 73' lang='lat' dir='ltr'>l</span> <span class='ocrx_word' id='word_1_94' title='bbox 984 1241 1107 1324; x_wconf 80' lang='lat' dir='ltr'>quaesis·</span> <span class='ocrx_word' id='word_1_95' title='bbox 1175 1241 1178 1248; x_wconf 84' lang='lat'>&#39;</span> 
     </span>
     <span class='ocr_line' id='line_1_12' title="bbox 134 1343 1107 1431; baseline 0.002 -22"><span class='ocrx_word' id='word_1_96' title='bbox 134 1357 200 1410; x_wconf 83' lang='lat' dir='ltr'>set:</span> <span class='ocrx_word' id='word_1_97' title='bbox 227 1345 267 1410; x_wconf 85' lang='lat' dir='ltr'>Ut</span> <span class='ocrx_word' id='word_1_98' title='bbox 279 1367 372 1423; x_wconf 83' lang='lat' dir='ltr'>enas,</span> <span class='ocrx_word' id='word_1_99' title='bbox 381 1345 489 1427; x_wconf 90' lang='lat' dir='ltr'>inquit,</span> <span class='ocrx_word' id='word_1_100' title='bbox 507 1345 578 1421; x_wconf 78' lang='lat' dir='ltr'>Oai,</span> <span class='ocrx_word' id='word_1_101' title='bbox 590 1343 671 1409; x_wconf 78' lang='lat' dir='ltr'>sinii</span> <span class='ocrx_word' id='word_1_102' title='bbox 685 1345 769 1410; x_wconf 85' lang='lat' dir='ltr'>velis.</span> <span class='ocrx_word' id='word_1_103' title='bbox 802 1345 894 1431; x_wconf 78' lang='lat' dir='ltr'>Saepe</span> <span class='ocrx_word' id='word_1_104' title='bbox 910 1344 1005 1410; x_wconf 88' lang='lat' dir='ltr'>etiam</span> <span class='ocrx_word' id='word_1_105' title='bbox 1016 1346 1107 1424; x_wconf 71' lang='lat' dir='ltr'>salsi,</span> 
     </span>
     <span class='ocr_line' id='line_1_13' title="bbox 134 1449 1106 1534; baseline 0.001 -22"><span class='ocrx_word' id='word_1_106' title='bbox 134 1469 205 1531; x_wconf 80' lang='lat' dir='ltr'>quae</span> <span class='ocrx_word' id='word_1_107' title='bbox 230 1449 294 1514; x_wconf 85' lang='lat' dir='ltr'>fieri</span> <span class='ocrx_word' id='word_1_108' title='bbox 310 1469 372 1524; x_wconf 86' lang='lat' dir='ltr'>non</span> <span class='ocrx_word' id='word_1_109' title='bbox 397 1460 536 1533; x_wconf 78' lang='lat' dir='ltr'>possunt,</span> <span class='ocrx_word' id='word_1_110' title='bbox 559 1459 723 1532; x_wconf 87' lang='lat' dir='ltr'>optantur:</span> <span class='ocrx_word' id='word_1_111' title='bbox 746 1461 779 1512; x_wconf 88' lang='lat' dir='ltr'>ut</span> <span class='ocrx_word' id='word_1_112' title='bbox 794 1449 837 1513; x_wconf 92' lang='lat' dir='ltr'>M.</span> <span class='ocrx_word' id='word_1_113' title='bbox 861 1449 1008 1534; x_wconf 86' lang='lat' dir='ltr'>Lepidus,</span> <span class='ocrx_word' id='word_1_114' title='bbox 1023 1452 1106 1528; x_wconf 83' lang='lat' dir='ltr'>cdm,</span> 
     </span>
     <span class='ocr_line' id='line_1_14' title="bbox 134 1552 1105 1638; baseline 0 -21"><span class='ocrx_word' id='word_1_115' title='bbox 134 1553 255 1617; x_wconf 79' lang='lat' dir='ltr'>caeteris</span> <span class='ocrx_word' id='word_1_116' title='bbox 270 1554 300 1618; x_wconf 93' lang='lat' dir='ltr'>in</span> <span class='ocrx_word' id='word_1_117' title='bbox 316 1573 430 1638; x_wconf 81' lang='lat' dir='ltr'>campo</span> <span class='ocrx_word' id='word_1_118' title='bbox 456 1552 682 1630; x_wconf 82' lang='lat' dir='ltr'>exercentibus,</span> <span class='ocrx_word' id='word_1_119' title='bbox 707 1553 736 1616; x_wconf 92' lang='lat' dir='ltr'>in</span> <span class='ocrx_word' id='word_1_120' title='bbox 753 1552 848 1618; x_wconf 73' lang='lat' dir='ltr'>herbis</span> <span class='ocrx_word' id='word_1_121' title='bbox 870 1552 935 1638; x_wconf 88' lang='lat' dir='ltr'>ipse</span> <span class='ocrx_word' id='word_1_122' title='bbox 951 1553 1105 1618; x_wconf 90' lang='lat' dir='ltr'>recubuis-</span> 
     </span>
    </p>
   </div>
   <div class='ocr_carea' id='block_1_3' title="bbox 133 1641 1224 1846">
    <p class='ocr_par' dir='ltr' id='par_1_4' title="bbox 133 1641 1224 1846">
     <span class='ocr_line' id='line_1_15' title="bbox 133 1641 1224 1747; baseline 0.005 -27"><span class='ocrx_word' id='word_1_123' title='bbox 133 1667 191 1734; x_wconf 87' lang='lat' dir='ltr'>set,</span> <span class='ocrx_word' id='word_1_124' title='bbox 207 1655 320 1721; x_wconf 87' lang='lat' dir='ltr'>Vellem</span> <span class='ocrx_word' id='word_1_125' title='bbox 329 1658 386 1722; x_wconf 85' lang='lat' dir='ltr'>lrec</span> <span class='ocrx_word' id='word_1_126' title='bbox 398 1669 487 1735; x_wconf 86' lang='lat' dir='ltr'>esset,</span> <span class='ocrx_word' id='word_1_127' title='bbox 497 1655 604 1742; x_wconf 89' lang='lat' dir='ltr'>inquit,</span> <span class='ocrx_word' id='word_1_128' title='bbox 616 1655 769 1736; x_wconf 77' lang='lat' dir='ltr'>laborare.</span> <span class='ocrx_word' id='word_1_129' title='bbox 803 1656 927 1721; x_wconf 80' lang='lat' dir='ltr'>Salsum</span> <span class='ocrx_word' id='word_1_130' title='bbox 940 1656 1104 1747; x_wconf 75' lang='lat' dir='ltr'>aetenam,</span> <span class='ocrx_word' id='word_1_131' title='bbox 1221 1641 1224 1726; x_wconf 58' lang='lat' dir='ltr'>s</span> 
     </span>
     <span class='ocr_line' id='line_1_16' title="bbox 133 1761 1224 1846; baseline 0.002 -22"><span class='ocrx_word' id='word_1_132' title='bbox 133 1762 342 1844; x_wconf 81' lang='lat' dir='ltr'>qnaerentibus</span> <span class='ocrx_word' id='word_1_133' title='bbox 365 1773 396 1827; x_wconf 91' lang='lat' dir='ltr'>et</span> <span class='ocrx_word' id='word_1_134' title='bbox 412 1761 500 1844; x_wconf 85' lang='lat' dir='ltr'>quasi</span> <span class='ocrx_word' id='word_1_135' title='bbox 516 1762 790 1846; x_wconf 84' lang='lat' dir='ltr'>percunctantibus</span> <span class='ocrx_word' id='word_1_136' title='bbox 805 1761 887 1827; x_wconf 77' lang='lat' dir='ltr'>lente</span> <span class='ocrx_word' id='word_1_137' title='bbox 903 1763 1103 1846; x_wconf 87' lang='lat' dir='ltr'>respondere,</span> <span class='ocrx_word' id='word_1_138' title='bbox 1223 1769 1224 1776; x_wconf 75' lang='grc'>’</span> 
     </span>
    </p>
   </div>
   <div class='ocr_carea' id='block_1_4' title="bbox 133 1865 1104 1951">
    <p class='ocr_par' dir='ltr' id='par_1_5' title="bbox 133 1865 1104 1951">
     <span class='ocr_line' id='line_1_17' title="bbox 133 1865 1104 1951; baseline 0.002 -22"><span class='ocrx_word' id='word_1_139' title='bbox 133 1867 215 1949; x_wconf 90' lang='lat' dir='ltr'>quod</span> <span class='ocrx_word' id='word_1_140' title='bbox 229 1866 365 1931; x_wconf 90' lang='lat' dir='ltr'>nollent:</span> <span class='ocrx_word' id='word_1_141' title='bbox 387 1877 420 1930; x_wconf 89' lang='lat' dir='ltr'>ut</span> <span class='ocrx_word' id='word_1_142' title='bbox 435 1887 546 1931; x_wconf 88' lang='lat' dir='ltr'>censor</span> <span class='ocrx_word' id='word_1_143' title='bbox 561 1865 708 1950; x_wconf 85' lang='lat' dir='ltr'>Lepidus,</span> <span class='ocrx_word' id='word_1_144' title='bbox 724 1869 796 1931; x_wconf 76' lang='lat' dir='ltr'>crim</span> <span class='ocrx_word' id='word_1_145' title='bbox 812 1867 856 1931; x_wconf 92' lang='grc' dir='ltr'>Μ.</span> <span class='ocrx_word' id='word_1_146' title='bbox 879 1866 1016 1944; x_wconf 85' lang='lat' dir='ltr'>Antistio</span> <span class='ocrx_word' id='word_1_147' title='bbox 1032 1866 1104 1951; x_wconf 87' lang='lat' dir='ltr'>Pyr·</span> 
     </span>
    </p>
   </div>
   <div class='ocr_carea' id='block_1_5' title="bbox 24 1968 1104 2055">
    <p class='ocr_par' dir='ltr' id='par_1_6' title="bbox 24 1968 1104 2055">
     <span class='ocr_line' id='line_1_18' title="bbox 24 1968 1104 2055; baseline 0.001 -22"><span class='ocrx_word' id='word_1_148' title='bbox 24 2017 26 2022; x_wconf 84' lang='lat'>-</span> <span class='ocrx_word' id='word_1_149' title='bbox 132 1970 221 2055; x_wconf 89' lang='lat' dir='ltr'>gensi</span> <span class='ocrx_word' id='word_1_150' title='bbox 233 1989 346 2052; x_wconf 89' lang='lat' dir='ltr'>equum</span> <span class='ocrx_word' id='word_1_151' title='bbox 360 1970 537 2047; x_wconf 79' lang='lat' dir='ltr'>ademisset,</span> <span class='ocrx_word' id='word_1_152' title='bbox 550 1970 702 2052; x_wconf 81' lang='lat' dir='ltr'>amicique</span> <span class='ocrx_word' id='word_1_153' title='bbox 718 1973 790 2034; x_wconf 83' lang='lat' dir='ltr'>cirm</span> <span class='ocrx_word' id='word_1_154' title='bbox 806 1968 1056 2047; x_wconf 78' lang='lat' dir='ltr'>vociferarentur,</span> <span class='ocrx_word' id='word_1_155' title='bbox 1072 1979 1104 2034; x_wconf 89' lang='lat' dir='ltr'>et</span> 
     </span>
    </p>
   </div>
   <div class='ocr_carea' id='block_1_6' title="bbox 133 2073 1103 2470">
    <p class='ocr_par' dir='ltr' id='par_1_7' title="bbox 133 2073 1103 2470">
     <span class='ocr_line' id='line_1_19' title="bbox 133 2073 1103 2157; baseline -0.001 -21"><span class='ocrx_word' id='word_1_156' title='bbox 133 2085 317 2157; x_wconf 83' lang='lat' dir='ltr'>quaererent,</span> <span class='ocrx_word' id='word_1_157' title='bbox 340 2073 413 2156; x_wconf 89' lang='lat' dir='ltr'>quid</span> <span class='ocrx_word' id='word_1_158' title='bbox 429 2073 477 2137; x_wconf 89' lang='lat' dir='ltr'>illc</span> <span class='ocrx_word' id='word_1_159' title='bbox 493 2073 572 2157; x_wconf 85' lang='lat' dir='ltr'>patri</span> <span class='ocrx_word' id='word_1_160' title='bbox 599 2093 654 2137; x_wconf 92' lang='lat' dir='ltr'>suo</span> <span class='ocrx_word' id='word_1_161' title='bbox 670 2073 881 2156; x_wconf 83' lang='lat' dir='ltr'>responderet,</span> <span class='ocrx_word' id='word_1_162' title='bbox 907 2093 961 2138; x_wconf 89' lang='lat' dir='ltr'>cur</span> <span class='ocrx_word' id='word_1_163' title='bbox 977 2073 1103 2156; x_wconf 85' lang='lat' dir='ltr'>ademp-</span> 
     </span>
     <span class='ocr_line' id='line_1_20' title="bbox 133 2175 1103 2261; baseline -0.002 -19"><span class='ocrx_word' id='word_1_164' title='bbox 133 2191 198 2243; x_wconf 89' lang='lat' dir='ltr'>tum</span> <span class='ocrx_word' id='word_1_165' title='bbox 211 2178 269 2242; x_wconf 93' lang='lat' dir='ltr'>sibi</span> <span class='ocrx_word' id='word_1_166' title='bbox 292 2194 406 2260; x_wconf 88' lang='lat' dir='ltr'>equum</span> <span class='ocrx_word' id='word_1_167' title='bbox 431 2177 559 2254; x_wconf 89' lang='lat' dir='ltr'>diceret,</span> <span class='ocrx_word' id='word_1_168' title='bbox 575 2179 647 2241; x_wconf 78' lang='lat' dir='ltr'>cum</span> <span class='ocrx_word' id='word_1_169' title='bbox 662 2175 795 2261; x_wconf 91' lang='lat' dir='ltr'>optimus</span> <span class='ocrx_word' id='word_1_170' title='bbox 810 2175 950 2254; x_wconf 87' lang='lat' dir='ltr'>colonus,</span> <span class='ocrx_word' id='word_1_171' title='bbox 965 2176 1103 2260; x_wconf 83' lang='lat' dir='ltr'>parcissi-</span> 
     </span>
     <span class='ocr_line' id='line_1_21' title="bbox 133 2279 1102 2366; baseline -0.003 -19"><span class='ocrx_word' id='word_1_172' title='bbox 133 2303 212 2359; x_wconf 90' lang='lat' dir='ltr'>mus,</span> <span class='ocrx_word' id='word_1_173' title='bbox 239 2281 493 2359; x_wconf 87' lang='lat' dir='ltr'>modestissimus,</span> <span class='ocrx_word' id='word_1_174' title='bbox 516 2279 737 2366; x_wconf 79' lang='lat' dir='ltr'>frugalissimus</span> <span class='ocrx_word' id='word_1_175' title='bbox 762 2291 860 2344; x_wconf 86' lang='lat' dir='ltr'>essct:</span> <span class='ocrx_word' id='word_1_176' title='bbox 883 2279 940 2346; x_wconf 87' lang='lat' dir='ltr'>Me</span> <span class='ocrx_word' id='word_1_177' title='bbox 965 2281 1102 2359; x_wconf 86' lang='lat' dir='ltr'>istorum,</span> 
     </span>
     <span class='ocr_line' id='line_1_22' title="bbox 133 2383 1103 2470; baseline 0 -20"><span class='ocrx_word' id='word_1_178' title='bbox 133 2385 241 2470; x_wconf 88' lang='lat' dir='ltr'>inquit,</span> <span class='ocrx_word' id='word_1_179' title='bbox 252 2385 331 2450; x_wconf 77' lang='lat' dir='ltr'>nteit</span> <span class='ocrx_word' id='word_1_180' title='bbox 344 2384 479 2453; x_wconf 84' lang='lat' dir='ltr'>eredere.</span> <span class='ocrx_word' id='word_1_181' title='bbox 523 2385 717 2470; x_wconf 76' lang='lat' dir='ltr'>colliguntur</span> <span class='ocrx_word' id='word_1_182' title='bbox 733 2407 751 2448; x_wconf 86' lang='lat' dir='ltr'>a</span> <span class='ocrx_word' id='word_1_183' title='bbox 767 2383 884 2449; x_wconf 75' lang='lat' dir='ltr'>Graecis</span> <span class='ocrx_word' id='word_1_184' title='bbox 897 2383 957 2450; x_wconf 86' lang='lat' dir='ltr'>elio</span> <span class='ocrx_word' id='word_1_185' title='bbox 973 2384 1103 2450; x_wconf 92' lang='lat' dir='ltr'>nonnul·</span> 
     </span>
    </p>
   </div>
   <div class='ocr_carea' id='block_1_7' title="bbox 132 2488 1224 2568">
    <p class='ocr_par' dir='ltr' id='par_1_8' title="bbox 132 2488 1224 2568">
     <span class='ocr_line' id='line_1_23' title="bbox 132 2488 1224 2568; baseline -0.002 -13"><span class='ocrx_word' id='word_1_186' title='bbox 132 2491 173 2568; x_wconf 85' lang='lat' dir='ltr'>la,</span> <span class='ocrx_word' id='word_1_187' title='bbox 199 2490 437 2566; x_wconf 85' lang='lat' dir='ltr'>exsecrationes,</span> <span class='ocrx_word' id='word_1_188' title='bbox 461 2489 692 2565; x_wconf 85' lang='lat' dir='ltr'>admirationes,</span> <span class='ocrx_word' id='word_1_189' title='bbox 714 2488 908 2555; x_wconf 85' lang='lat' dir='ltr'>minationes.</span> <span class='ocrx_word' id='word_1_190' title='bbox 953 2489 1017 2554; x_wconf 86' lang='lat' dir='ltr'>Sed</span> <span class='ocrx_word' id='word_1_191' title='bbox 1034 2489 1102 2554; x_wconf 82' lang='lat' dir='ltr'>haec</span> <span class='ocrx_word' id='word_1_192' title='bbox 1223 2519 1224 2522; x_wconf 39' lang='lat'>¹</span> 
     </span>
    </p>
   </div>
   <div class='ocr_carea' id='block_1_8' title="bbox 132 2593 1102 2781">
    <p class='ocr_par' dir='ltr' id='par_1_9' title="bbox 132 2593 1102 2781">
     <span class='ocr_line' id='line_1_24' title="bbox 133 2593 1102 2679; baseline 0 -23"><span class='ocrx_word' id='word_1_193' title='bbox 133 2593 201 2679; x_wconf 85' lang='lat' dir='ltr'>ipse</span> <span class='ocrx_word' id='word_1_194' title='bbox 213 2593 302 2659; x_wconf 91' lang='lat' dir='ltr'>nirnis</span> <span class='ocrx_word' id='word_1_195' title='bbox 315 2593 388 2658; x_wconf 93' lang='lat' dir='ltr'>mihi</span> <span class='ocrx_word' id='word_1_196' title='bbox 398 2593 502 2659; x_wconf 88' lang='lat' dir='ltr'>videor</span> <span class='ocrx_word' id='word_1_197' title='bbox 516 2594 611 2658; x_wconf 88' lang='lat' dir='ltr'>multa</span> <span class='ocrx_word' id='word_1_198' title='bbox 623 2593 652 2658; x_wconf 96' lang='lat' dir='ltr'>in</span> <span class='ocrx_word' id='word_1_199' title='bbox 665 2615 782 2678; x_wconf 84' lang='lat' dir='ltr'>genero</span> <span class='ocrx_word' id='word_1_200' title='bbox 793 2594 1007 2679; x_wconf 88' lang='lat' dir='ltr'>descripsisse:</span> <span class='ocrx_word' id='word_1_201' title='bbox 1027 2613 1102 2658; x_wconf 84' lang='lat' dir='ltr'>nam</span> 
     </span>
     <span class='ocr_line' id='line_1_25' title="bbox 132 2697 1102 2781; baseline -0.004 -17"><span class='ocrx_word' id='word_1_202' title='bbox 132 2699 195 2776; x_wconf 89' lang='lat' dir='ltr'>illa,</span> <span class='ocrx_word' id='word_1_203' title='bbox 205 2718 276 2781; x_wconf 84' lang='lat' dir='ltr'>quae</span> <span class='ocrx_word' id='word_1_204' title='bbox 290 2697 375 2764; x_wconf 89' lang='lat' dir='ltr'>verbi</span> <span class='ocrx_word' id='word_1_205' title='bbox 385 2698 504 2764; x_wconf 79' lang='lat' dir='ltr'>ratione</span> <span class='ocrx_word' id='word_1_206' title='bbox 517 2709 549 2764; x_wconf 89' lang='lat' dir='ltr'>et</span> <span class='ocrx_word' id='word_1_207' title='bbox 564 2699 591 2762; x_wconf 88' lang='lat' dir='ltr'>vi</span> <span class='ocrx_word' id='word_1_208' title='bbox 602 2698 809 2774; x_wconf 87' lang='lat' dir='ltr'>continentur,</span> <span class='ocrx_word' id='word_1_209' title='bbox 825 2708 911 2762; x_wconf 85' lang='lat' dir='ltr'>certa</span> <span class='ocrx_word' id='word_1_210' title='bbox 923 2697 986 2762; x_wconf 75' lang='lat' dir='ltr'>feris</span> <span class='ocrx_word' id='word_1_211' title='bbox 998 2717 1036 2761; x_wconf 87' lang='lat' dir='ltr'>ac</span> <span class='ocrx_word' id='word_1_212' title='bbox 1049 2697 1102 2761; x_wconf 90' lang='lat' dir='ltr'>de·</span> 
     </span>
    </p>
   </div>
   <div class='ocr_carea' id='block_1_9' title="bbox 133 2799 1204 2887">
    <p class='ocr_par' dir='ltr' id='par_1_10' title="bbox 133 2799 1204 2887">
     <span class='ocr_line' id='line_1_26' title="bbox 133 2799 1204 2887; baseline -0.006 -17"><span class='ocrx_word' id='word_1_213' title='bbox 133 2803 220 2870; x_wconf 84' lang='lat' dir='ltr'>finito</span> <span class='ocrx_word' id='word_1_214' title='bbox 235 2815 320 2869; x_wconf 90' lang='lat' dir='ltr'>sunt:</span> <span class='ocrx_word' id='word_1_215' title='bbox 343 2823 413 2886; x_wconf 84' lang='lat' dir='ltr'>quae</span> <span class='ocrx_word' id='word_1_216' title='bbox 428 2803 618 2887; x_wconf 89' lang='lat' dir='ltr'>plerumque,</span> <span class='ocrx_word' id='word_1_217' title='bbox 633 2811 666 2865; x_wconf 91' lang='lat' dir='ltr'>ut</span> <span class='ocrx_word' id='word_1_218' title='bbox 679 2803 751 2866; x_wconf 73' lang='lat' dir='ltr'>ente</span> <span class='ocrx_word' id='word_1_219' title='bbox 767 2801 838 2876; x_wconf 87' lang='lat' dir='ltr'>dixi,</span> <span class='ocrx_word' id='word_1_220' title='bbox 854 2799 974 2864; x_wconf 79' lang='lat' dir='ltr'>laudari</span> <span class='ocrx_word' id='word_1_221' title='bbox 989 2799 1101 2884; x_wconf 84' lang='lat' dir='ltr'>magis,</span> <span class='ocrx_word' id='word_1_222' title='bbox 1195 2803 1204 2822; x_wconf 80' lang='grc'><em>“</em></span> 
     </span>
    </p>
   </div>
   <div class='ocr_carea' id='block_1_10' title="bbox 133 2901 1100 3097">
    <p class='ocr_par' dir='ltr' id='par_1_11' title="bbox 133 2901 1100 3097">
     <span class='ocr_line' id='line_1_27' title="bbox 133 2901 1100 2991; baseline -0.001 -21"><span class='ocrx_word' id='word_1_223' title='bbox 133 2911 225 2991; x_wconf 71' lang='lat' dir='ltr'>quarn</span> <span class='ocrx_word' id='word_1_224' title='bbox 242 2907 332 2974; x_wconf 88' lang='lat' dir='ltr'>rideri</span> <span class='ocrx_word' id='word_1_225' title='bbox 357 2907 467 2973; x_wconf 86' lang='lat' dir='ltr'>solent.</span> <span class='ocrx_word' id='word_1_226' title='bbox 512 2905 592 2969; x_wconf 82' lang='lat' dir='ltr'>Haec</span> <span class='ocrx_word' id='word_1_227' title='bbox 615 2916 730 2980; x_wconf 86' lang='lat' dir='ltr'>autem,</span> <span class='ocrx_word' id='word_1_228' title='bbox 746 2924 815 2986; x_wconf 84' lang='lat' dir='ltr'>quae</span> <span class='ocrx_word' id='word_1_229' title='bbox 829 2915 899 2968; x_wconf 89' lang='lat' dir='ltr'>sunt</span> <span class='ocrx_word' id='word_1_230' title='bbox 921 2901 950 2967; x_wconf 94' lang='lat' dir='ltr'>in</span> <span class='ocrx_word' id='word_1_231' title='bbox 963 2923 1007 2982; x_wconf 88' lang='lat' dir='ltr'>re,</span> <span class='ocrx_word' id='word_1_232' title='bbox 1022 2915 1054 2968; x_wconf 89' lang='lat' dir='ltr'>et</span> <span class='ocrx_word' id='word_1_233' title='bbox 1069 2904 1100 2970; x_wconf 91' lang='lat' dir='ltr'>in</span> 
     </span>
     <span class='ocr_line' id='line_1_28' title="bbox 134 3005 1100 3097; baseline 0 -23"><span class='ocrx_word' id='word_1_234' title='bbox 134 3011 200 3097; x_wconf 73' lang='lat' dir='ltr'>ipsi</span> <span class='ocrx_word' id='word_1_235' title='bbox 225 3010 388 3089; x_wconf 75' lang='lat' dir='ltr'>sententid,</span> <span class='ocrx_word' id='word_1_236' title='bbox 414 3009 552 3096; x_wconf 87' lang='lat' dir='ltr'>pertibus</span> <span class='ocrx_word' id='word_1_237' title='bbox 570 3017 640 3072; x_wconf 90' lang='lat' dir='ltr'>sunt</span> <span class='ocrx_word' id='word_1_238' title='bbox 665 3005 908 3086; x_wconf 80' lang='lat' dir='ltr'>innumerabilia,</span> <span class='ocrx_word' id='word_1_239' title='bbox 933 3007 1100 3093; x_wconf 81' lang='lat' dir='ltr'>generibus</span> 
     </span>
    </p>
   </div>
   <div class='ocr_carea' id='block_1_11' title="bbox 11 3110 1099 3201">
    <p class='ocr_par' dir='ltr' id='par_1_12' title="bbox 11 3110 1099 3201">
     <span class='ocr_line' id='line_1_29' title="bbox 11 3110 1099 3201; baseline -0.003 -21"><span class='ocrx_word' id='word_1_240' title='bbox 11 3181 24 3199; x_wconf 50' lang='lat'>‚‚</span> <span class='ocrx_word' id='word_1_241' title='bbox 133 3135 246 3201; x_wconf 84' lang='lat' dir='ltr'>pauca.</span> <span class='ocrx_word' id='word_1_242' title='bbox 291 3111 582 3200; x_wconf 79' lang='lat' dir='ltr'>Exspectotionibus</span> <span class='ocrx_word' id='word_1_243' title='bbox 607 3111 688 3176; x_wconf 91' lang='lat' dir='ltr'>enirn</span> <span class='ocrx_word' id='word_1_244' title='bbox 705 3110 905 3194; x_wconf 88' lang='lat' dir='ltr'>decipiendis,</span> <span class='ocrx_word' id='word_1_245' title='bbox 925 3122 957 3176; x_wconf 88' lang='lat' dir='ltr'>et</span> <span class='ocrx_word' id='word_1_246' title='bbox 982 3112 1099 3188; x_wconf 71' lang='lat' dir='ltr'>naturis</span> 
     </span>
    </p>
   </div>
   <div class='ocr_carea' id='block_1_12' title="bbox 134 3201 1100 3406">
    <p class='ocr_par' dir='ltr' id='par_1_13' title="bbox 134 3201 1100 3406">
     <span class='ocr_line' id='line_1_30' title="bbox 134 3201 1100 3304; baseline -0.001 -20"><span class='ocrx_word' id='word_1_247' title='bbox 134 3219 264 3284; x_wconf 82' lang='lat' dir='ltr'>oliorum</span> <span class='ocrx_word' id='word_1_248' title='bbox 279 3218 447 3296; x_wconf 85' lang='lat' dir='ltr'>irridendis,</span> <span class='ocrx_word' id='word_1_249' title='bbox 462 3217 598 3304; x_wconf 91' lang='lat' dir='ltr'>ipsorum</span> <span class='ocrx_word' id='word_1_250' title='bbox 613 3215 738 3280; x_wconf 70' lang='lat' dir='ltr'>ridiculi</span> <span class='ocrx_word' id='word_1_251' title='bbox 754 3201 936 3294; x_wconf 80' lang='lat' dir='ltr'>indicandis,</span> <span class='ocrx_word' id='word_1_252' title='bbox 951 3227 981 3281; x_wconf 87' lang='lat' dir='ltr'>et</span> <span class='ocrx_word' id='word_1_253' title='bbox 997 3216 1100 3282; x_wconf 90' lang='lat' dir='ltr'>simili·</span> 
     </span>
     <span class='ocr_line' id='line_1_31' title="bbox 134 3319 1097 3406; baseline -0.003 -19"><span class='ocrx_word' id='word_1_254' title='bbox 134 3323 240 3388; x_wconf 88' lang='lat' dir='ltr'>tudine</span> <span class='ocrx_word' id='word_1_255' title='bbox 256 3321 407 3406; x_wconf 85' lang='lat' dir='ltr'>turpioris,</span> <span class='ocrx_word' id='word_1_256' title='bbox 418 3333 450 3387; x_wconf 90' lang='lat' dir='ltr'>et</span> <span class='ocrx_word' id='word_1_257' title='bbox 464 3320 716 3398; x_wconf 79' lang='lat' dir='ltr'>dissimulatione,</span> <span class='ocrx_word' id='word_1_258' title='bbox 730 3330 762 3385; x_wconf 87' lang='lat' dir='ltr'>et</span> <span class='ocrx_word' id='word_1_259' title='bbox 786 3319 979 3384; x_wconf 84' lang='lat' dir='ltr'>subabsurde</span> <span class='ocrx_word' id='word_1_260' title='bbox 993 3321 1097 3386; x_wconf 87' lang='lat' dir='ltr'>dicen·</span> 
     </span>
    </p>
   </div>
   <div class='ocr_carea' id='block_1_13' title="bbox 10 3423 1097 3511">
    <p class='ocr_par' dir='ltr' id='par_1_14' title="bbox 10 3423 1097 3511">
     <span class='ocr_line' id='line_1_32' title="bbox 10 3423 1097 3511; baseline 0.003 -24"><span class='ocrx_word' id='word_1_261' title='bbox 10 3473 16 3487; x_wconf 76' lang='grc'><strong><em>,</em></strong></span> <span class='ocrx_word' id='word_1_262' title='bbox 134 3427 187 3504; x_wconf 90' lang='lat' dir='ltr'>do,</span> <span class='ocrx_word' id='word_1_263' title='bbox 202 3436 235 3492; x_wconf 88' lang='lat' dir='ltr'>et</span> <span class='ocrx_word' id='word_1_264' title='bbox 259 3425 354 3508; x_wconf 78' lang='lat' dir='ltr'>stulta</span> <span class='ocrx_word' id='word_1_265' title='bbox 378 3425 645 3511; x_wconf 84' lang='lat' dir='ltr'>reprehendendo,</span> <span class='ocrx_word' id='word_1_266' title='bbox 668 3423 744 3490; x_wconf 89' lang='lat' dir='ltr'>risus</span> <span class='ocrx_word' id='word_1_267' title='bbox 770 3434 940 3490; x_wconf 85' lang='lat' dir='ltr'>moventur.</span> <span class='ocrx_word' id='word_1_268' title='bbox 986 3423 1097 3508; x_wconf 82' lang='lat' dir='ltr'>ltaque</span> 
     </span>
    </p>
   </div>
   <div class='ocr_carea' id='block_1_14' title="bbox 135 3525 1097 3722">
    <p class='ocr_par' dir='ltr' id='par_1_15' title="bbox 135 3525 1097 3722">
     <span class='ocr_line' id='line_1_33' title="bbox 135 3525 1096 3616; baseline -0.004 -21"><span class='ocrx_word' id='word_1_269' title='bbox 135 3529 319 3596; x_wconf 87' lang='lat' dir='ltr'>imbuendus</span> <span class='ocrx_word' id='word_1_270' title='bbox 342 3540 389 3596; x_wconf 90' lang='lat' dir='ltr'>est</span> <span class='ocrx_word' id='word_1_271' title='bbox 403 3527 438 3608; x_wconf 88' lang='lat' dir='ltr'>is,</span> <span class='ocrx_word' id='word_1_272' title='bbox 453 3529 505 3614; x_wconf 89' lang='lat' dir='ltr'>qui</span> <span class='ocrx_word' id='word_1_273' title='bbox 526 3531 634 3616; x_wconf 77' lang='lat' dir='ltr'>jocose</span> <span class='ocrx_word' id='word_1_274' title='bbox 656 3527 720 3594; x_wconf 86' lang='lat' dir='ltr'>vult</span> <span class='ocrx_word' id='word_1_275' title='bbox 745 3528 860 3606; x_wconf 88' lang='lat' dir='ltr'>dicere,</span> <span class='ocrx_word' id='word_1_276' title='bbox 884 3527 971 3613; x_wconf 82' lang='lat' dir='ltr'>qussi</span> <span class='ocrx_word' id='word_1_277' title='bbox 986 3525 1096 3592; x_wconf 73' lang='lat' dir='ltr'>asturi</span> 
     </span>
     <span class='ocr_line' id='line_1_34' title="bbox 136 3629 1097 3722; baseline -0.006 -22"><span class='ocrx_word' id='word_1_278' title='bbox 136 3633 271 3722; x_wconf 75' lang='lat' dir='ltr'>quddam</span> <span class='ocrx_word' id='word_1_279' title='bbox 297 3633 371 3722; x_wconf 69' lang='lat' dir='ltr'>epti</span> <span class='ocrx_word' id='word_1_280' title='bbox 385 3635 424 3700; x_wconf 83' lang='lat' dir='ltr'>ed</span> <span class='ocrx_word' id='word_1_281' title='bbox 451 3633 520 3700; x_wconf 73' lang='lat' dir='ltr'>hac</span> <span class='ocrx_word' id='word_1_282' title='bbox 535 3653 661 3720; x_wconf 80' lang='lat' dir='ltr'>genero,</span> <span class='ocrx_word' id='word_1_283' title='bbox 684 3643 717 3700; x_wconf 86' lang='lat' dir='ltr'>et</span> <span class='ocrx_word' id='word_1_284' title='bbox 730 3632 877 3711; x_wconf 88' lang='lat' dir='ltr'>moribus,</span> <span class='ocrx_word' id='word_1_285' title='bbox 890 3642 925 3698; x_wconf 90' lang='lat' dir='ltr'>ut</span> <span class='ocrx_word' id='word_1_286' title='bbox 944 3631 984 3696; x_wconf 84' lang='lat' dir='ltr'>od</span> <span class='ocrx_word' id='word_1_287' title='bbox 998 3629 1097 3716; x_wconf 72' lang='lat' dir='ltr'>cuiue</span> 
     </span>
    </p>
   </div>
   <div class='ocr_carea' id='block_1_15' title="bbox 0 0 1238 3966">
    <p class='ocr_par' dir='ltr' id='par_1_16' title="bbox 0 0 1238 3966">
     <span class='ocr_line' id='line_1_35' title="bbox 0 0 1238 3966; baseline 0 0"><span class='ocrx_word' id='word_1_288' title='bbox 0 0 1238 3966; x_wconf 95' lang='lat' dir='ltr'> </span> 
     </span>
    </p>
   </div>
  </div>
 </body>
</html>
