2458 3972
359 203 401 251 nu
418 206 567 252 cnutone
583 175 686 250 'crura
711 207 860 252 scurrus.
926 178 929 185 ’
1038 191 1098 251 Ι35

5 366 30 427 sir·
125 355 213 433 dam,
227 355 283 420 sed
299 366 405 421 tamen
419 367 520 434 teres3
542 370 574 420 et
588 355 700 432 tenuis,
723 377 785 420 non
801 356 867 420 sine
890 357 990 420 nervis
1006 377 1044 420 ac
1060 357 1100 421 ri·

125 462 231 538 ribus3
251 471 283 525 et
299 482 348 537 ea,
371 482 441 544 quae
467 461 624 546 particeps
641 459 799 543 utriusque
814 461 937 560 generis
963 461 1100 552 quddam

126 563 344 630 mediocritate
370 565 523 630 laudatur.
568 563 625 628 His
640 563 737 628 tribus
759 563 862 648 figuris
878 563 1010 628 insidere
1036 565 1100 648 qui·

8 683 10 690 '
126 670 204 734 dem
214 667 398 744 conuectis,
420 691 483 732 non
499 668 572 732 suco
586 667 689 744 illitus,
715 669 770 732 sed
785 667 937 752 sanguine
962 669 1101 746 diffusus,

7 785 17 794 ”
127 773 225 838 debet
239 771 334 836 color.
378 771 462 835 Tum
484 771 618 856 denique
634 771 724 836 nobis
740 771 789 837 hio
801 783 907 836 orator
921 771 964 836 ita
979 773 1101 837 coufor-

12 938 14 950 ,
91 892 95 954 35
128 876 262 942 mundus
278 887 325 940 est
336 886 368 939 et
380 877 479 940 verbis
494 887 526 940 et
537 875 706 952 sententiis,
717 886 760 953 ut,
772 876 1037 958 quemadmodum
1048 878 1101 961 qui

90 1049 91 1054 γ
129 979 364 1053 utuntur'armis
380 991 433 1043 aut
449 978 601 1063 paiaestrd,
627 1000 690 1042 non
716 979 824 1055 sulum¹
842 979 898 1043 sibi
914 981 1031 1047 vitandi
1047 992 1101 1045 aut

5 1122 11 1146 r
88 1083 91 1089 ’
129 1084 260 1148 feriendi
275 1078 427 1148 rationem
443 1105 511 1147 esse
526 1083 705 1146 habendam
721 1094 843 1166 putant,
868 1085 921 1148 sed
939 1085 1043 1162 etiam,
1068 1097 1101 1150 ut

87 1201 90 1248 ἱ
129 1207 203 1252 eum
219 1196 381 1250 venustate
394 1198 596 1262 moveantur3
617 1185 662 1250 sic
673 1186 772 1250 verbis
787 1187 913 1272 quidem
935 1190 974 1252 ad
992 1202 1100 1273 aptam

5 1331 7 1366 ;
129 1291 391 1374 compositionem
406 1300 437 1354 et
460 1289 649 1366 decentiam,
674 1290 833 1354 sententiis
849 1292 921 1355 vero
937 1293 975 1355 ad
1001 1295 1101 1376 grevi-

5 1437 6 1473 ,
92 1389 96 1439 i
131 1405 230 1460 tatem
243 1395 390 1458 orationis
405 1403 524 1470 utatur,
536 1393 584 1478 [ut
599 1393 629 1470 ii,
638 1393 688 1474 qui
701 1393 730 1457 iu
744 1413 899 1457 armorum
912 1396 1101 1461 tractatione

131 1498 318 1583 versentur]
361 1498 547 1562 Formantur
573 1508 678 1562 eutem
702 1507 733 1562 et
756 1497 861 1574 verba,
881 1509 913 1562 et
938 1501 1101 1583 sententiae

130 1593 222 1688 paene
236 1601 486 1677 innumerabiles,
511 1602 595 1685 quod
610 1601 686 1666 satis
701 1602 766 1666 scio
782 1612 890 1666 notum
906 1623 974 1666 esse
993 1604 1101 1666 vobis:

130 1707 186 1772 sed
203 1707 280 1770 inter
292 1695 572 1770 conformationem
587 1707 749 1771 verborum
761 1717 792 1770 et
804 1707 1026 1794 sententiarum
1040 1707 1101 1772 hoc

19 1867 22 1882 ,
113 1843 116 1856 ι
130 1811 269 1886 interest,
294 1811 377 1893 quod
394 1811 556 1874 verborum
572 1809 695 1887 tollitur,
719 1810 744 1874 si
760 1808 854 1874 verbe
870 1809 1012 1888 niutdris3
1034 1833 1101 1876 sen·

131 1913 300 1980 teutiarum
337 1925 509 1997 permanet,
540 1913 774 1994 quibuscunque
809 1912 909 1978 verbis
939 1917 981 1977 uti
1017 1913 1100 1980 veiis.

132 2018 233 2088 Quod
248 2017 373 2100 quidem
388 2039 441 2080 vos
453 2017 510 2080 etsi
525 2017 636 2092 fucitis,
661 2027 766 2080 tamen
783 2016 999 2080 admonendos
1015 2026 1101 2100 puto,

7 2163 17 2190 r
131 2143 174 2186 ne
189 2121 261 2204 quid
278 2143 345 2184 esse
361 2119 442 2184 aliud
455 2119 583 2184 oratoris
595 2119 718 2204 putetis,
730 2119 813 2201 quod
829 2119 954 2200 quidem
966 2118 1004 2182 sit
1015 2141 1101 2208 egre

131 2223 220 2310 gium
236 2236 328 2306 atque
344 2223 493 2300 mirabile,
513 2223 571 2286 nisi
586 2224 616 2287 in
642 2222 768 2307 singulis
783 2222 883 2286 verbis
908 2223 960 2287 itta
974 2224 1033 2287 tria
1058 2239 1101 2289 te·

132 2349 219 2404 uere,
232 2339 267 2390 ut
276 2326 430 2391 translatis
441 2339 562 2397 utamur
573 2327 759 2412 frequenter,
773 2325 989 2408 interdumque
1001 2327 1101 2403 factis,

132 2433 206 2513 rard
228 2443 332 2496 eutem
348 2430 440 2496 etiam
458 2429 648 2514 pervetustis.
667 2443 668 2450 ’
691 2429 727 2494 In
750 2429 900 2514 perpetue
914 2441 1019 2494 eutem
1034 2453 1101 2496 ora·

132 2535 231 2612 tione,
255 2539 326 2599 crim
341 2545 373 2598 et
398 2533 623 2620 conjunctionis
637 2533 808 2611 lenitatem,
833 2544 865 2599 et
890 2555 1101 2613 numerorum,

133 2659 229 2720 quam
245 2638 317 2713 dixi,
342 2636 494 2702 rationem
509 2639 707 2714 tenuerimus,
731 2649 796 2702 tum
813 2648 860 2702 est
874 2638 961 2718 quasi
982 2631 1101 2702 lumini-

84 2753 85 2758 ’
132 2743 193 2810 bus
207 2741 424 2826 distinguenda
439 2752 471 2806 et
488 2741 715 2824 frequentanda
729 2741 828 2805 omnis
843 2741 953 2817 oratio,
978 2752 1101 2806 senten·

135 2847 250 2912 tierum
263 2857 355 2927 etque
372 2845 544 2908 verborum.

178 2947 264 3014 [ΙΙΙ.
288 2948 318 3013 N
321 2969 373 3014 am
386 2959 419 3012 et
438 2945 643 3011 commoratio
658 2946 719 3011 und
733 2947 763 3012 in
779 2968 811 3012 re
837 2948 1022 3032 permuitrtm
1037 2970 1102 3016 mo·

35 3121 38 3136 ,
135 3064 199 3131 ret,
210 3063 242 3118 et
253 3052 372 3117 illustris
387 3050 575 3146 sapienetm,
586 3070 759 3132 rerumque,
773 3053 861 3135 quasi
872 3062 1029 3138 gerantur,
1043 3055 1102 3120 sub

136 3159 322 3242 adspectum
337 3177 427 3245 paenc
438 3153 607 3241 subjecti03
628 3145 697 3236 qnae
711 3165 744 3220 et
754 3153 785 3218 in
798 3155 983 3240 exponente
994 3179 1025 3224 re
1037 3158 1103 3246 piu·
1171 3209 1174 3218 ,

136 3262 248 3328 rimnm
263 3261 356 3337 vaiet,
380 3273 412 3325 et
427 3261 467 3324 ad
481 3259 694 3325 illustrandum
718 3257 750 3322 id
764 3259 848 3342 quod
874 3258 1046 3344 exponitur,
1065 3271 1104 3328 et

137 3369 180 3433 ad
196 3365 468 3450 amplificandum
489 3363 582 3441 otiis,
596 3362 648 3446 qui
663 3350 800 3439 audient,
814 3361 898 3440 illud,
912 3364 995 3445 quod
1010 3385 1104 3451 euge·

136 3472 251 3548 bimus,
265 3481 414 3552 quantum
431 3469 557 3534 efficere
572 3465 672 3532 oratio
686 3465 810 3550 poterit,
833 3476 954 3533 tuntum
980 3488 1047 3534 esse
1062 3468 1103 3532 ui·

5 3639 8 3662 ,
137 3577 266 3642 deutur:
289 3586 321 3640 et
335 3572 407 3639 huic
421 3571 577 3638 contrarie
590 3573 674 3656 sepe
689 3550 845 3656 pdr'dnrsio
860 3582 917 3649 est,
936 3572 1047 3656 etpius
1061 3571 1103 3637 ad
1222 3637 1223 3664 ἓ

5 3669 11 3746 i'
140 3678 386 3767 intelligendum,
410 3678 504 3762 quent
528 3674 650 3754 dixeris,
670 3672 868 3762 significatio,
903 3686 935 3743 et
960 3674 1106 3743 dutinus
1222 3665 1223 3754 i
