<?xml version="1.0" encoding="UTF-8"?>
<!DOCTYPE html PUBLIC "-//W3C//DTD XHTML 1.0 Transitional//EN"
    "http://www.w3.org/TR/xhtml1/DTD/xhtml1-transitional.dtd">
<html xmlns="http://www.w3.org/1999/xhtml" xml:lang="en" lang="en">
 <head>
  <title>
</title>
<meta http-equiv="Content-Type" content="text/html;charset=utf-8" />
  <meta name='ocr-system' content='tesseract 3.04.00' />
  <meta name='ocr-capabilities' content='ocr_page ocr_carea ocr_par ocr_line ocrx_word'/>
</head>
<body>
  <div class='ocr_page' id='page_1' title='image "./mtuliiciceronis01cicegoog/mtuliiciceronis01cicegoog_0100.png"; bbox 0 0 2466 3966; ppageno 0'>
   <div class='ocr_carea' id='block_1_1' title="bbox 318 123 1097 186">
    <p class='ocr_par' dir='ltr' id='par_1_1' title="bbox 318 123 1097 186">
     <span class='ocr_line' id='line_1_1' title="bbox 318 123 1097 186; baseline 0.017 -10"><span class='ocrx_word' id='word_1_1' title='bbox 318 137 363 177; x_wconf 82' lang='lat' dir='ltr'>na</span> <span class='ocrx_word' id='word_1_2' title='bbox 387 137 541 180; x_wconf 64' lang='lat' dir='ltr'>onerosa</span> <span class='ocrx_word' id='word_1_3' title='bbox 565 139 664 182; x_wconf 80' lang='lat' dir='ltr'>araas</span> <span class='ocrx_word' id='word_1_4' title='bbox 691 139 872 186; x_wconf 76' lang='lat' dir='ltr'>ancarana.</span> <span class='ocrx_word' id='word_1_5' title='bbox 1056 123 1097 179; x_wconf 77' lang='lat'>8⁷</span> 
     </span>
    </p>
   </div>
   <div class='ocr_carea' id='block_1_2' title="bbox 21 279 1176 3594">
    <p class='ocr_par' dir='ltr' id='par_1_2' title="bbox 69 279 1176 2082">
     <span class='ocr_line' id='line_1_2' title="bbox 70 279 1096 362; baseline 0 -19"><span class='ocrx_word' id='word_1_6' title='bbox 70 281 156 362; x_wconf 83' lang='lat' dir='ltr'>quid</span> <span class='ocrx_word' id='word_1_7' title='bbox 173 280 326 361; x_wconf 87' lang='lat' dir='ltr'>denique</span> <span class='ocrx_word' id='word_1_8' title='bbox 342 299 420 342; x_wconf 89' lang='lat' dir='ltr'>cum</span> <span class='ocrx_word' id='word_1_9' title='bbox 436 279 540 358; x_wconf 71' lang='lat' dir='ltr'>aliqua</span> <span class='ocrx_word' id='word_1_10' title='bbox 553 281 677 356; x_wconf 86' lang='lat' dir='ltr'>virtute,</span> <span class='ocrx_word' id='word_1_11' title='bbox 705 290 760 344; x_wconf 86' lang='lat' dir='ltr'>aut</span> <span class='ocrx_word' id='word_1_12' title='bbox 774 281 885 345; x_wconf 85' lang='lat' dir='ltr'>fecerit</span> <span class='ocrx_word' id='word_1_13' title='bbox 901 292 956 346; x_wconf 88' lang='lat' dir='ltr'>aut</span> <span class='ocrx_word' id='word_1_14' title='bbox 981 279 1096 344; x_wconf 86' lang='lat' dir='ltr'>tulerit.</span> 
     </span>
     <span class='ocr_line' id='line_1_3' title="bbox 73 381 1096 464; baseline 0 -20"><span class='ocrx_word' id='word_1_15' title='bbox 73 381 175 457; x_wconf 78' lang='lat' dir='ltr'>Haec,</span> <span class='ocrx_word' id='word_1_16' title='bbox 196 392 235 446; x_wconf 86' lang='lat' dir='ltr'>et</span> <span class='ocrx_word' id='word_1_17' title='bbox 260 401 338 462; x_wconf 83' lang='lat' dir='ltr'>quae</span> <span class='ocrx_word' id='word_1_18' title='bbox 353 382 424 443; x_wconf 70' lang='lat' dir='ltr'>sint</span> <span class='ocrx_word' id='word_1_19' title='bbox 440 381 506 464; x_wconf 88' lang='lat' dir='ltr'>ejus</span> <span class='ocrx_word' id='word_1_20' title='bbox 525 382 662 464; x_wconf 85' lang='lat' dir='ltr'>generis,</span> <span class='ocrx_word' id='word_1_21' title='bbox 677 381 769 444; x_wconf 76' lang='lat' dir='ltr'>facile</span> <span class='ocrx_word' id='word_1_22' title='bbox 793 381 922 457; x_wconf 81' lang='lat' dir='ltr'>videbit,</span> <span class='ocrx_word' id='word_1_23' title='bbox 936 383 991 464; x_wconf 89' lang='lat' dir='ltr'>qui</span> <span class='ocrx_word' id='word_1_24' title='bbox 1010 381 1096 446; x_wconf 86' lang='lat' dir='ltr'>volet</span> 
     </span>
     <span class='ocr_line' id='line_1_4' title="bbox 71 482 1096 568; baseline 0 -22"><span class='ocrx_word' id='word_1_25' title='bbox 71 485 218 546; x_wconf 85' lang='lat' dir='ltr'>laudare</span> <span class='ocrx_word' id='word_1_26' title='bbox 232 483 424 564; x_wconf 89' lang='lat' dir='ltr'>quempiam</span> <span class='ocrx_word' id='word_1_27' title='bbox 437 507 445 557; x_wconf 73' lang='grc' dir='ltr'><strong>ς</strong></span> <span class='ocrx_word' id='word_1_28' title='bbox 467 483 560 564; x_wconf 91' lang='lat' dir='ltr'>etqui</span> <span class='ocrx_word' id='word_1_29' title='bbox 572 483 761 566; x_wconf 88' lang='lat' dir='ltr'>vituperare,</span> <span class='ocrx_word' id='word_1_30' title='bbox 773 482 942 546; x_wconf 83' lang='lat' dir='ltr'>contraria.</span> <span class='ocrx_word' id='word_1_31' title='bbox 966 483 1096 568; x_wconf 81' lang='lat' dir='ltr'>Corigi·</span> 
     </span>
     <span class='ocr_line' id='line_1_5' title="bbox 70 582 1095 662; baseline -0.001 -16"><span class='ocrx_word' id='word_1_32' title='bbox 70 598 133 647; x_wconf 90' lang='lat' dir='ltr'>tur</span> <span class='ocrx_word' id='word_1_33' title='bbox 147 586 298 658; x_wconf 79' lang='lat' dir='ltr'>dubitas</span> <span class='ocrx_word' id='word_1_34' title='bbox 326 583 427 662; x_wconf 87' lang='lat' dir='ltr'>inquit</span> <span class='ocrx_word' id='word_1_35' title='bbox 451 583 594 658; x_wconf 77' lang='lat' dir='ltr'>Catulus,</span> <span class='ocrx_word' id='word_1_36' title='bbox 623 584 730 648; x_wconf 82' lang='lat' dir='ltr'>lacere</span> <span class='ocrx_word' id='word_1_37' title='bbox 746 584 809 649; x_wconf 89' lang='lat' dir='ltr'>hoc</span> <span class='ocrx_word' id='word_1_38' title='bbox 833 582 959 646; x_wconf 86' lang='lat' dir='ltr'>tertium</span> <span class='ocrx_word' id='word_1_39' title='bbox 982 603 1095 660; x_wconf 81' lang='lat' dir='ltr'>genus,</span> 
     </span>
     <span class='ocr_line' id='line_1_6' title="bbox 69 681 1130 794; baseline -0.002 -46"><span class='ocrx_word' id='word_1_40' title='bbox 69 687 245 768; x_wconf 88' lang='lat' dir='ltr'>quoniam</span> <span class='ocrx_word' id='word_1_41' title='bbox 255 686 340 747; x_wconf 84' lang='lat' dir='ltr'>ineat</span> <span class='ocrx_word' id='word_1_42' title='bbox 353 686 383 746; x_wconf 88' lang='lat' dir='ltr'>in</span> <span class='ocrx_word' id='word_1_43' title='bbox 396 685 518 748; x_wconf 86' lang='lat' dir='ltr'>ratione</span> <span class='ocrx_word' id='word_1_44' title='bbox 531 685 658 751; x_wconf 87' lang='lat' dir='ltr'>reruml</span> <span class='ocrx_word' id='word_1_45' title='bbox 681 706 744 766; x_wconf 89' lang='lat' dir='ltr'>non</span> <span class='ocrx_word' id='word_1_46' title='bbox 758 685 854 794; x_wconf 82' lang='lat' dir='ltr'>enim,</span> <span class='ocrx_word' id='word_1_47' title='bbox 866 684 891 746; x_wconf 88' lang='lat' dir='ltr'>si</span> <span class='ocrx_word' id='word_1_48' title='bbox 903 693 951 746; x_wconf 86' lang='lat' dir='ltr'>est</span> <span class='ocrx_word' id='word_1_49' title='bbox 963 681 1094 758; x_wconf 77' lang='lat' dir='ltr'><strong>facilius,</strong></span> <span class='ocrx_word' id='word_1_50' title='bbox 1126 751 1130 761; x_wconf 36' lang='lat'><strong><em>¹</em></strong></span> 
     </span>
     <span class='ocr_line' id='line_1_7' title="bbox 73 758 1095 869; baseline -0.005 -18"><span class='ocrx_word' id='word_1_51' title='bbox 73 809 124 850; x_wconf 84' lang='lat' dir='ltr'>eo</span> <span class='ocrx_word' id='word_1_52' title='bbox 140 789 184 851; x_wconf 91' lang='lat' dir='ltr'>de</span> <span class='ocrx_word' id='word_1_53' title='bbox 201 808 343 849; x_wconf 86' lang='lat' dir='ltr'>numero</span> <span class='ocrx_word' id='word_1_54' title='bbox 359 807 485 867; x_wconf 88' lang='lat' dir='ltr'>quoque</span> <span class='ocrx_word' id='word_1_55' title='bbox 498 798 547 849; x_wconf 84' lang='lat' dir='ltr'>est</span> <span class='ocrx_word' id='word_1_56' title='bbox 561 758 812 869; x_wconf 81' lang='lat' dir='ltr'>excerpenlluin&#39;.</span> <span class='ocrx_word' id='word_1_57' title='bbox 852 784 941 856; x_wconf 79' lang='lat' dir='ltr'>Quia</span> <span class='ocrx_word' id='word_1_58' title='bbox 953 781 1058 857; x_wconf 92' lang='lat' dir='ltr'>nolo,</span> <span class='ocrx_word' id='word_1_59' title='bbox 1050 801 1095 846; x_wconf 90' lang='lat' dir='ltr'>rn-</span> 
     </span>
     <span class='ocr_line' id='line_1_8' title="bbox 74 885 1092 969; baseline -0.004 -20"><span class='ocrx_word' id='word_1_60' title='bbox 74 889 164 969; x_wconf 84' lang='lat' dir='ltr'>quit,</span> <span class='ocrx_word' id='word_1_61' title='bbox 176 888 305 963; x_wconf 88' lang='lat' dir='ltr'>omnia,</span> <span class='ocrx_word' id='word_1_62' title='bbox 317 908 389 968; x_wconf 86' lang='lat' dir='ltr'>quae</span> <span class='ocrx_word' id='word_1_63' title='bbox 401 909 418 947; x_wconf 78' lang='lat' dir='ltr'>r</span> <span class='ocrx_word' id='word_1_64' title='bbox 413 888 520 950; x_wconf 82' lang='lat' dir='ltr'>,adunt</span> <span class='ocrx_word' id='word_1_65' title='bbox 533 887 725 969; x_wconf 89' lang='lat' dir='ltr'>aliquando</span> <span class='ocrx_word' id='word_1_66' title='bbox 717 909 747 950; x_wconf 90' lang='lat' dir='ltr'>m</span> <span class='ocrx_word' id='word_1_67' title='bbox 765 897 936 963; x_wconf 81' lang='lat' dir='ltr'>oratorem,</span> <span class='ocrx_word' id='word_1_68' title='bbox 948 885 1092 967; x_wconf 83' lang='lat' dir='ltr'>quamvis</span> 
     </span>
     <span class='ocr_line' id='line_1_9' title="bbox 76 986 1094 1074; baseline -0.003 -21"><span class='ocrx_word' id='word_1_69' title='bbox 76 991 208 1074; x_wconf 84' lang='lat' dir='ltr'>exigua</span> <span class='ocrx_word' id='word_1_70' title='bbox 226 987 301 1063; x_wconf 83' lang='lat' dir='ltr'>sint,</span> <span class='ocrx_word' id='word_1_71' title='bbox 325 1009 365 1050; x_wconf 87' lang='lat' dir='ltr'>ea</span> <span class='ocrx_word' id='word_1_72' title='bbox 380 989 426 1052; x_wconf 90' lang='lat' dir='ltr'>sic</span> <span class='ocrx_word' id='word_1_73' title='bbox 441 998 590 1064; x_wconf 85' lang='lat' dir='ltr'>tractare,</span> <span class='ocrx_word' id='word_1_74' title='bbox 617 989 705 1070; x_wconf 88' lang='lat' dir='ltr'>quasi</span> <span class='ocrx_word' id='word_1_75' title='bbox 722 989 796 1052; x_wconf 85' lang='lat' dir='ltr'>nihil</span> <span class='ocrx_word' id='word_1_76' title='bbox 822 989 921 1071; x_wconf 75' lang='lat' dir='ltr'>possit</span> <span class='ocrx_word' id='word_1_77' title='bbox 943 987 1006 1052; x_wconf 91' lang='lat' dir='ltr'>dici</span> <span class='ocrx_word' id='word_1_78' title='bbox 1027 986 1094 1050; x_wconf 87' lang='lat' dir='ltr'>sine</span> 
     </span>
     <span class='ocr_line' id='line_1_10' title="bbox 78 1089 1095 1174; baseline -0.003 -19"><span class='ocrx_word' id='word_1_79' title='bbox 78 1091 267 1174; x_wconf 75' lang='lat' dir='ltr'>praeceptis</span> <span class='ocrx_word' id='word_1_80' title='bbox 283 1091 355 1154; x_wconf 88' lang='lat' dir='ltr'>suis.</span> <span class='ocrx_word' id='word_1_81' title='bbox 390 1089 475 1154; x_wconf 90' lang='lat' dir='ltr'>Nam</span> <span class='ocrx_word' id='word_1_82' title='bbox 488 1101 520 1154; x_wconf 85' lang='lat' dir='ltr'>et</span> <span class='ocrx_word' id='word_1_83' title='bbox 530 1090 744 1154; x_wconf 85' lang='lat' dir='ltr'>testimonium</span> <span class='ocrx_word' id='word_1_84' title='bbox 758 1093 842 1174; x_wconf 75' lang='lat' dir='ltr'>saepe</span> <span class='ocrx_word' id='word_1_85' title='bbox 855 1091 1026 1156; x_wconf 87' lang='lat' dir='ltr'>dicendum</span> <span class='ocrx_word' id='word_1_86' title='bbox 1036 1092 1095 1166; x_wconf 81' lang='lat' dir='ltr'>e&#39;at,</span> 
     </span>
     <span class='ocr_line' id='line_1_11' title="bbox 82 1193 1094 1273; baseline 0 -17"><span class='ocrx_word' id='word_1_87' title='bbox 82 1216 128 1257; x_wconf 87' lang='lat' dir='ltr'>ac</span> <span class='ocrx_word' id='word_1_88' title='bbox 147 1213 386 1273; x_wconf 87' lang='lat' dir='ltr'>nonnunquam</span> <span class='ocrx_word' id='word_1_89' title='bbox 404 1193 501 1255; x_wconf 82' lang='lat' dir='ltr'>etiam</span> <span class='ocrx_word' id='word_1_90' title='bbox 518 1193 706 1268; x_wconf 80' lang='lat' dir='ltr'>accuratius,</span> <span class='ocrx_word' id='word_1_91' title='bbox 718 1204 751 1256; x_wconf 92' lang='lat' dir='ltr'>ut</span> <span class='ocrx_word' id='word_1_92' title='bbox 765 1195 838 1257; x_wconf 90' lang='lat' dir='ltr'>mihi</span> <span class='ocrx_word' id='word_1_93' title='bbox 851 1213 982 1258; x_wconf 83' lang='lat' dir='ltr'>necesse</span> <span class='ocrx_word' id='word_1_94' title='bbox 994 1193 1051 1256; x_wconf 85' lang='lat' dir='ltr'>firit</span> <span class='ocrx_word' id='word_1_95' title='bbox 1062 1194 1094 1256; x_wconf 93' lang='lat' dir='ltr'>in</span> 
     </span>
     <span class='ocr_line' id='line_1_12' title="bbox 80 1294 1093 1376; baseline -0.001 -19"><span class='ocrx_word' id='word_1_96' title='bbox 80 1296 165 1359; x_wconf 87' lang='lat' dir='ltr'>Sex.</span> <span class='ocrx_word' id='word_1_97' title='bbox 183 1295 320 1370; x_wconf 90' lang='lat' dir='ltr'>Titium,</span> <span class='ocrx_word' id='word_1_98' title='bbox 346 1294 573 1358; x_wconf 89' lang='lat' dir='ltr'>seditiosum</span> <span class='ocrx_word' id='word_1_99' title='bbox 546 1315 648 1358; x_wconf 83' lang='lat' dir='ltr'>civem</span> <span class='ocrx_word' id='word_1_100' title='bbox 675 1305 706 1357; x_wconf 83' lang='lat' dir='ltr'>et</span> <span class='ocrx_word' id='word_1_101' title='bbox 734 1294 968 1357; x_wconf 87' lang='lat' dir='ltr'>turbulentum·</span> <span class='ocrx_word' id='word_1_102' title='bbox 996 1294 1093 1376; x_wconf 87' lang='lat' dir='ltr'>expli·</span> 
     </span>
     <span class='ocr_line' id='line_1_13' title="bbox 77 1394 1088 1508; baseline -0.005 -49"><span class='ocrx_word' id='word_1_103' title='bbox 77 1397 157 1459; x_wconf 84' lang='lat' dir='ltr'>cavi</span> <span class='ocrx_word' id='word_1_104' title='bbox 172 1397 207 1460; x_wconf 89' lang='lat' dir='ltr'>in</span> <span class='ocrx_word' id='word_1_105' title='bbox 224 1417 265 1459; x_wconf 89' lang='lat' dir='ltr'>co</span> <span class='ocrx_word' id='word_1_106' title='bbox 282 1397 462 1459; x_wconf 87' lang='lat' dir='ltr'>testimonio</span> <span class='ocrx_word' id='word_1_107' title='bbox 478 1396 626 1470; x_wconf 89' lang='lat' dir='ltr'>dicendo,</span> <span class='ocrx_word' id='word_1_108' title='bbox 636 1395 743 1457; x_wconf 86' lang='lat' dir='ltr'>omnia</span> <span class='ocrx_word' id='word_1_109' title='bbox 759 1395 891 1459; x_wconf 89' lang='lat' dir='ltr'>consilia</span> <span class='ocrx_word' id='word_1_110' title='bbox 905 1394 1088 1508; x_wconf 65' lang='lat' dir='ltr'>cqnsulatilp</span> 
     </span>
     <span class='ocr_line' id='line_1_14' title="bbox 83 1481 1176 1579; baseline -0.004 -19"><span class='ocrx_word' id='word_1_111' title='bbox 83 1499 164 1572; x_wconf 89' lang='lat' dir='ltr'>mei,</span> <span class='ocrx_word' id='word_1_112' title='bbox 194 1497 309 1578; x_wconf 84' lang='lat' dir='ltr'>quibus</span> <span class='ocrx_word' id='word_1_113' title='bbox 325 1496 366 1559; x_wconf 92' lang='lat' dir='ltr'>illi</span> <span class='ocrx_word' id='word_1_114' title='bbox 382 1497 507 1560; x_wconf 85' lang='lat' dir='ltr'>tribuno</span> <span class='ocrx_word' id='word_1_115' title='bbox 523 1496 623 1579; x_wconf 88' lang='lat' dir='ltr'>plebis</span> <span class='ocrx_word' id='word_1_116' title='bbox 639 1515 696 1578; x_wconf 90' lang='lat' dir='ltr'>pre</span> <span class='ocrx_word' id='word_1_117' title='bbox 711 1494 873 1577; x_wconf 81' lang='lat' dir='ltr'>republica</span> <span class='ocrx_word' id='word_1_118' title='bbox 888 1481 1091 1569; x_wconf 73' lang='lat' dir='ltr'>restitissem,</span> <span class='ocrx_word' id='word_1_119' title='bbox 1172 1515 1176 1525; x_wconf 75' lang='lat'><strong><em>¹</em></strong></span> 
     </span>
     <span class='ocr_line' id='line_1_15' title="bbox 83 1597 1092 1681; baseline -0.004 -19"><span class='ocrx_word' id='word_1_120' title='bbox 83 1619 231 1681; x_wconf 85' lang='lat' dir='ltr'>quaeque</span> <span class='ocrx_word' id='word_1_121' title='bbox 248 1597 345 1661; x_wconf 89' lang='lat' dir='ltr'>abeo</span> <span class='ocrx_word' id='word_1_122' title='bbox 361 1610 473 1661; x_wconf 89' lang='lat' dir='ltr'>contra</span> <span class='ocrx_word' id='word_1_123' title='bbox 488 1598 717 1681; x_wconf 83' lang='lat' dir='ltr'>rempublicam</span> <span class='ocrx_word' id='word_1_124' title='bbox 733 1597 819 1661; x_wconf 82' lang='lat' dir='ltr'>facta</span> <span class='ocrx_word' id='word_1_125' title='bbox 841 1597 1017 1670; x_wconf 87' lang='lat' dir='ltr'>arbitrarer,</span> <span class='ocrx_word' id='word_1_126' title='bbox 1040 1615 1092 1658; x_wconf 90' lang='lat' dir='ltr'>ex·</span> 
     </span>
     <span class='ocr_line' id='line_1_16' title="bbox 84 1698 1091 1782; baseline 0 -20"><span class='ocrx_word' id='word_1_127' title='bbox 84 1700 205 1782; x_wconf 83' lang='lat' dir='ltr'>posui:</span> <span class='ocrx_word' id='word_1_128' title='bbox 228 1701 280 1762; x_wconf 90' lang='lat' dir='ltr'>diu</span> <span class='ocrx_word' id='word_1_129' title='bbox 292 1710 432 1762; x_wconf 89' lang='lat' dir='ltr'>retentus</span> <span class='ocrx_word' id='word_1_130' title='bbox 447 1722 533 1776; x_wconf 80' lang='lat' dir='ltr'>sum3</span> <span class='ocrx_word' id='word_1_131' title='bbox 556 1699 656 1764; x_wconf 89' lang='lat' dir='ltr'>multa</span> <span class='ocrx_word' id='word_1_132' title='bbox 676 1701 797 1776; x_wconf 87' lang='lat' dir='ltr'>audivi;</span> <span class='ocrx_word' id='word_1_133' title='bbox 819 1700 918 1764; x_wconf 87' lang='lat' dir='ltr'>multa</span> <span class='ocrx_word' id='word_1_134' title='bbox 931 1698 1091 1780; x_wconf 85' lang='lat' dir='ltr'><strong>respondi.</strong></span> 
     </span>
     <span class='ocr_line' id='line_1_17' title="bbox 85 1799 1090 1885; baseline -0.004 -21"><span class='ocrx_word' id='word_1_135' title='bbox 85 1801 122 1864; x_wconf 92' lang='lat' dir='ltr'>N</span> <span class='ocrx_word' id='word_1_136' title='bbox 124 1821 183 1864; x_wconf 87' lang='lat' dir='ltr'>um</span> <span class='ocrx_word' id='word_1_137' title='bbox 199 1801 294 1883; x_wconf 82' lang='lat' dir='ltr'>igitur</span> <span class='ocrx_word' id='word_1_138' title='bbox 309 1801 427 1882; x_wconf 85' lang='lat' dir='ltr'>placet,</span> <span class='ocrx_word' id='word_1_139' title='bbox 441 1804 515 1863; x_wconf 90' lang='lat' dir='ltr'>cum</span> <span class='ocrx_word' id='word_1_140' title='bbox 529 1802 570 1864; x_wconf 89' lang='lat' dir='ltr'>de</span> <span class='ocrx_word' id='word_1_141' title='bbox 586 1802 766 1884; x_wconf 83' lang='lat' dir='ltr'>eloquentia</span> <span class='ocrx_word' id='word_1_142' title='bbox 782 1802 957 1885; x_wconf 75' lang='lat' dir='ltr'>praecipias,</span> <span class='ocrx_word' id='word_1_143' title='bbox 973 1799 1090 1879; x_wconf 89' lang='lat' dir='ltr'>aliquid</span> 
     </span>
     <span class='ocr_line' id='line_1_18' title="bbox 85 1898 1108 2015; baseline -0.005 -50"><span class='ocrx_word' id='word_1_144' title='bbox 85 1903 193 1966; x_wconf 88' lang='lat' dir='ltr'>etiam</span> <span class='ocrx_word' id='word_1_145' title='bbox 204 1903 245 1964; x_wconf 89' lang='lat' dir='ltr'>de</span> <span class='ocrx_word' id='word_1_146' title='bbox 257 1901 596 1966; x_wconf 83' lang='lat' dir='ltr'>testimoniisdicendis</span> <span class='ocrx_word' id='word_1_147' title='bbox 598 1904 705 1985; x_wconf 87' lang='lat' dir='ltr'>,quasi</span> <span class='ocrx_word' id='word_1_148' title='bbox 715 1905 746 1968; x_wconf 90' lang='lat' dir='ltr'>in</span> <span class='ocrx_word' id='word_1_149' title='bbox 760 1915 827 1968; x_wconf 87' lang='lat' dir='ltr'>arte</span> <span class='ocrx_word' id='word_1_150' title='bbox 837 1901 981 2015; x_wconf 70' lang='lat' dir='ltr'>tradere?</span> <span class='ocrx_word' id='word_1_151' title='bbox 1004 1898 1091 1964; x_wconf 90' lang='lat' dir='ltr'>Nihil</span> <span class='ocrx_word' id='word_1_152' title='bbox 1105 1977 1108 1982; x_wconf 19' lang='grc' dir='ltr'>Ι</span> 
     </span>
     <span class='ocr_line' id='line_1_19' title="bbox 85 2001 709 2082; baseline 0.002 -16"><span class='ocrx_word' id='word_1_153' title='bbox 85 2005 183 2078; x_wconf 75' lang='lat' dir='ltr'>sane,</span> <span class='ocrx_word' id='word_1_154' title='bbox 207 2001 307 2082; x_wconf 89' lang='lat' dir='ltr'>inquit</span> <span class='ocrx_word' id='word_1_155' title='bbox 330 2002 473 2079; x_wconf 83' lang='lat' dir='ltr'>Catulus,</span> <span class='ocrx_word' id='word_1_156' title='bbox 495 2025 628 2067; x_wconf 83' lang='lat' dir='ltr'>necesse</span> <span class='ocrx_word' id='word_1_157' title='bbox 650 2014 709 2067; x_wconf 86' lang='lat' dir='ltr'>est.</span> 
     </span>
    </p>

    <p class='ocr_par' dir='ltr' id='par_1_3' title="bbox 21 2103 1118 2690">
     <span class='ocr_line' id='line_1_20' title="bbox 133 2103 1091 2186; baseline 0.002 -20"><span class='ocrx_word' id='word_1_158' title='bbox 133 2103 212 2166; x_wconf 89' lang='lat' dir='ltr'>Xll.</span> <span class='ocrx_word' id='word_1_159' title='bbox 222 2103 366 2180; x_wconf 76' lang='lat' dir='ltr'>Quid</span> <span class='ocrx_word' id='word_1_160' title='bbox 342 2126 366 2166; x_wconf 76' lang='grc' dir='ltr'>ει</span> <span class='ocrx_word' id='word_1_161' title='bbox 389 2104 488 2186; x_wconf 90' lang='lat' dir='ltr'>(quod</span> <span class='ocrx_word' id='word_1_162' title='bbox 505 2108 590 2186; x_wconf 76' lang='lat' dir='ltr'>saepe</span> <span class='ocrx_word' id='word_1_163' title='bbox 606 2104 737 2167; x_wconf 82' lang='lat' dir='ltr'>summis</span> <span class='ocrx_word' id='word_1_164' title='bbox 760 2105 831 2167; x_wconf 84' lang='lat' dir='ltr'>viria</span> <span class='ocrx_word' id='word_1_165' title='bbox 855 2103 986 2184; x_wconf 85' lang='lat' dir='ltr'>accidit)</span> <span class='ocrx_word' id='word_1_166' title='bbox 1003 2124 1091 2168; x_wconf 91' lang='lat' dir='ltr'>man·</span> 
     </span>
     <span class='ocr_line' id='line_1_21' title="bbox 80 2175 1118 2287; baseline -0.003 -19"><span class='ocrx_word' id='word_1_167' title='bbox 80 2175 178 2269; x_wconf 70' lang='lat' dir='ltr'>&#39;data</span> <span class='ocrx_word' id='word_1_168' title='bbox 189 2205 252 2267; x_wconf 89' lang='lat' dir='ltr'>sint</span> <span class='ocrx_word' id='word_1_169' title='bbox 266 2186 469 2286; x_wconf 81' lang='lat' dir='ltr'>exponenda,</span> <span class='ocrx_word' id='word_1_170' title='bbox 493 2205 596 2268; x_wconf 85' lang='lat' dir='ltr'>autin</span> <span class='ocrx_word' id='word_1_171' title='bbox 612 2216 725 2268; x_wconf 84' lang='lat' dir='ltr'>senatu</span> <span class='ocrx_word' id='word_1_172' title='bbox 750 2205 815 2267; x_wconf 89' lang='lat' dir='ltr'>ab&#39;</span> <span class='ocrx_word' id='word_1_173' title='bbox 807 2216 1011 2287; x_wconf 75' lang='lat' dir='ltr'>imperatore,</span> <span class='ocrx_word' id='word_1_174' title='bbox 1037 2213 1092 2265; x_wconf 84' lang='lat' dir='ltr'>aut</span> <span class='ocrx_word' id='word_1_175' title='bbox 1112 2218 1118 2232; x_wconf 88' lang='grc'><em>·</em></span> 
     </span>
     <span class='ocr_line' id='line_1_22' title="bbox 89 2302 1090 2385; baseline 0 -17"><span class='ocrx_word' id='word_1_176' title='bbox 89 2305 162 2368; x_wconf 84' lang='lat' dir='ltr'>ad</span> <span class='ocrx_word' id='word_1_177' title='bbox 154 2316 392 2384; x_wconf 80' lang='lat' dir='ltr'>imperatorem,</span> <span class='ocrx_word' id='word_1_178' title='bbox 407 2315 463 2365; x_wconf 89' lang='lat' dir='ltr'>aut</span> <span class='ocrx_word' id='word_1_179' title='bbox 479 2306 519 2364; x_wconf 87' lang='lat' dir='ltr'>ad</span> <span class='ocrx_word' id='word_1_180' title='bbox 532 2324 652 2384; x_wconf 83' lang='lat' dir='ltr'>regem,</span> <span class='ocrx_word' id='word_1_181' title='bbox 665 2315 720 2364; x_wconf 88' lang='lat' dir='ltr'>aut</span> <span class='ocrx_word' id='word_1_182' title='bbox 732 2306 772 2364; x_wconf 89' lang='lat' dir='ltr'>ad</span> <span class='ocrx_word' id='word_1_183' title='bbox 784 2303 938 2384; x_wconf 92' lang='lat' dir='ltr'>populum</span> <span class='ocrx_word' id='word_1_184' title='bbox 951 2302 1090 2385; x_wconf 85' lang='lat' dir='ltr'>aliquem</span> 
     </span>
     <span class='ocr_line' id='line_1_23' title="bbox 90 2403 1092 2489; baseline -0.001 -21"><span class='ocrx_word' id='word_1_185' title='bbox 90 2425 112 2468; x_wconf 88' lang='lat' dir='ltr'>a</span> <span class='ocrx_word' id='word_1_186' title='bbox 140 2403 279 2467; x_wconf 79' lang='lat' dir='ltr'>senatui</span> <span class='ocrx_word' id='word_1_187' title='bbox 311 2423 398 2478; x_wconf 91' lang='lat' dir='ltr'>uum,</span> <span class='ocrx_word' id='word_1_188' title='bbox 428 2403 503 2484; x_wconf 88' lang='lat' dir='ltr'>quia</span> <span class='ocrx_word' id='word_1_189' title='bbox 532 2423 651 2484; x_wconf 86' lang='lat' dir='ltr'>genere</span> <span class='ocrx_word' id='word_1_190' title='bbox 681 2404 832 2466; x_wconf 88' lang='lat' dir='ltr'>orationis</span> <span class='ocrx_word' id='word_1_191' title='bbox 858 2405 889 2468; x_wconf 88' lang='lat' dir='ltr'>in</span> <span class='ocrx_word' id='word_1_192' title='bbox 912 2405 1092 2489; x_wconf 87' lang='lat' dir='ltr'>hujusmodi</span> 
     </span>
     <span class='ocr_line' id='line_1_24' title="bbox 90 2503 1090 2587; baseline 0 -17"><span class='ocrx_word' id='word_1_193' title='bbox 90 2504 200 2570; x_wconf 84' lang='lat' dir='ltr'>causis</span> <span class='ocrx_word' id='word_1_194' title='bbox 216 2505 414 2567; x_wconf 82' lang='lat' dir='ltr'>accuratiore</span> <span class='ocrx_word' id='word_1_195' title='bbox 430 2514 479 2566; x_wconf 83' lang='lat' dir='ltr'>est</span> <span class='ocrx_word' id='word_1_196' title='bbox 495 2504 660 2578; x_wconf 83' lang='lat' dir='ltr'>utendum,</span> <span class='ocrx_word' id='word_1_197' title='bbox 676 2503 794 2568; x_wconf 90' lang='lat' dir='ltr'>idcirco</span> <span class='ocrx_word' id='word_1_198' title='bbox 811 2527 883 2587; x_wconf 82' lang='lat' dir='ltr'>pars</span> <span class='ocrx_word' id='word_1_199' title='bbox 906 2508 1004 2570; x_wconf 89' lang='lat' dir='ltr'>etiam</span> <span class='ocrx_word' id='word_1_200' title='bbox 1021 2507 1090 2570; x_wconf 77' lang='lat' dir='ltr'>haec</span> 
     </span>
     <span class='ocr_line' id='line_1_25' title="bbox 21 2604 1091 2692; baseline 0.001 -24"><span class='ocrx_word' id='word_1_201' title='bbox 21 2663 25 2680; x_wconf 63' lang='lat'>,</span> <span class='ocrx_word' id='word_1_202' title='bbox 90 2625 267 2692; x_wconf 80' lang='lat' dir='ltr'>causarum</span> <span class='ocrx_word' id='word_1_203' title='bbox 284 2605 484 2667; x_wconf 88' lang='lat' dir='ltr'>numeranda</span> <span class='ocrx_word' id='word_1_204' title='bbox 498 2604 632 2680; x_wconf 81' lang='lat' dir='ltr'>videtur,</span> <span class='ocrx_word' id='word_1_205' title='bbox 648 2617 703 2667; x_wconf 87' lang='lat' dir='ltr'>aut</span> <span class='ocrx_word' id='word_1_206' title='bbox 714 2607 846 2688; x_wconf 79' lang='lat' dir='ltr'>propriis</span> <span class='ocrx_word' id='word_1_207' title='bbox 863 2608 1031 2690; x_wconf 75' lang='lat' dir='ltr'>praeceptis</span> <span class='ocrx_word' id='word_1_208' title='bbox 1047 2608 1091 2669; x_wconf 91' lang='lat' dir='ltr'>in·</span> 
     </span>
    </p>

    <p class='ocr_par' dir='ltr' id='par_1_4' title="bbox 21 2683 1091 3594">
     <span class='ocr_line' id='line_1_26' title="bbox 21 2683 1091 2785; baseline 0 -14"><span class='ocrx_word' id='word_1_209' title='bbox 21 2699 24 2710; x_wconf 66' lang='grc'><em>’</em></span> <span class='ocrx_word' id='word_1_210' title='bbox 91 2683 286 2771; x_wconf 80' lang='lat' dir='ltr'>at&#39;ruclrdal</span> <span class='ocrx_word' id='word_1_211' title='bbox 295 2705 426 2768; x_wconf 73' lang='lat' dir='ltr'>Minime</span> <span class='ocrx_word' id='word_1_212' title='bbox 443 2707 528 2780; x_wconf 79' lang='lat' dir='ltr'>vero,</span> <span class='ocrx_word' id='word_1_213' title='bbox 543 2706 643 2785; x_wconf 82' lang='lat' dir='ltr'>inquit</span> <span class='ocrx_word' id='word_1_214' title='bbox 664 2706 814 2769; x_wconf 86' lang='lat' dir='ltr'>Catulus.</span> <span class='ocrx_word' id='word_1_215' title='bbox 837 2727 901 2768; x_wconf 93' lang='lat' dir='ltr'>non</span> <span class='ocrx_word' id='word_1_216' title='bbox 917 2709 1002 2769; x_wconf 91' lang='lat' dir='ltr'>enim</span> <span class='ocrx_word' id='word_1_217' title='bbox 1018 2709 1091 2771; x_wconf 90' lang='lat' dir='ltr'>dee·</span> 
     </span>
     <span class='ocr_line' id='line_1_27' title="bbox 89 2805 1090 2888; baseline -0.003 -16"><span class='ocrx_word' id='word_1_218' title='bbox 89 2809 132 2872; x_wconf 82' lang='lat' dir='ltr'>rit</span> <span class='ocrx_word' id='word_1_219' title='bbox 147 2807 267 2870; x_wconf 90' lang='lat' dir='ltr'>homini</span> <span class='ocrx_word' id='word_1_220' title='bbox 283 2806 423 2870; x_wconf 84' lang='lat' dir='ltr'>diserlo&#39;</span> <span class='ocrx_word' id='word_1_221' title='bbox 417 2827 448 2868; x_wconf 93' lang='lat' dir='ltr'>m</span> <span class='ocrx_word' id='word_1_222' title='bbox 464 2807 620 2888; x_wconf 85' lang='lat' dir='ltr'>ejusmodi</span> <span class='ocrx_word' id='word_1_223' title='bbox 637 2807 729 2868; x_wconf 86' lang='lat' dir='ltr'>rebus</span> <span class='ocrx_word' id='word_1_224' title='bbox 744 2805 891 2878; x_wconf 85' lang='lat' dir='ltr'>facultas,</span> <span class='ocrx_word' id='word_1_225' title='bbox 907 2827 948 2867; x_wconf 83' lang='lat' dir='ltr'>ex</span> <span class='ocrx_word' id='word_1_226' title='bbox 965 2807 1090 2869; x_wconf 82' lang='lat' dir='ltr'>caeteris</span> 
     </span>
     <span class='ocr_line' id='line_1_28' title="bbox 90 2905 1091 2996; baseline -0.005 -22"><span class='ocrx_word' id='word_1_227' title='bbox 90 2910 188 2974; x_wconf 82' lang='lat' dir='ltr'>rebus</span> <span class='ocrx_word' id='word_1_228' title='bbox 201 2919 234 2971; x_wconf 88' lang='lat' dir='ltr'>et</span> <span class='ocrx_word' id='word_1_229' title='bbox 249 2909 353 2970; x_wconf 88' lang='lat' dir='ltr'>causis</span> <span class='ocrx_word' id='word_1_230' title='bbox 368 2916 567 2996; x_wconf 84' lang='lat' dir='ltr'>comparata.</span> <span class='ocrx_word' id='word_1_231' title='bbox 613 2905 723 2987; x_wconf 86' lang='lat' dir='ltr'>Ergo&#39;</span> <span class='ocrx_word' id='word_1_232' title='bbox 716 2916 803 2980; x_wconf 85' lang='lat' dir='ltr'>rtem,</span> <span class='ocrx_word' id='word_1_233' title='bbox 819 2905 929 2984; x_wconf 90' lang='lat' dir='ltr'>inquit,</span> <span class='ocrx_word' id='word_1_234' title='bbox 941 2906 1003 2982; x_wconf 90' lang='lat' dir='ltr'>illa,</span> <span class='ocrx_word' id='word_1_235' title='bbox 1020 2927 1091 2990; x_wconf 80' lang='lat' dir='ltr'>quae</span> 
     </span>
     <span class='ocr_line' id='line_1_29' title="bbox 91 3001 1089 3092; baseline -0.001 -19"><span class='ocrx_word' id='word_1_236' title='bbox 91 3012 180 3092; x_wconf 78' lang='lat' dir='ltr'>saepe</span> <span class='ocrx_word' id='word_1_237' title='bbox 192 3009 306 3072; x_wconf 74' lang='lat' dir='ltr'>diserte</span> <span class='ocrx_word' id='word_1_238' title='bbox 323 3009 450 3090; x_wconf 84' lang='lat' dir='ltr'>agenda</span> <span class='ocrx_word' id='word_1_239' title='bbox 472 3017 556 3081; x_wconf 84' lang='lat' dir='ltr'>sunt,</span> <span class='ocrx_word' id='word_1_240' title='bbox 571 3016 604 3070; x_wconf 85' lang='lat' dir='ltr'>et</span> <span class='ocrx_word' id='word_1_241' title='bbox 618 3025 691 3086; x_wconf 82' lang='lat' dir='ltr'>quaa</span> <span class='ocrx_word' id='word_1_242' title='bbox 714 3025 776 3088; x_wconf 85' lang='lat' dir='ltr'>ego</span> <span class='ocrx_word' id='word_1_243' title='bbox 792 3006 887 3087; x_wconf 78' lang='lat' dir='ltr'>paulo</span> <span class='ocrx_word' id='word_1_244' title='bbox 909 3011 983 3072; x_wconf 73' lang='lat' dir='ltr'>ante</span> <span class='ocrx_word' id='word_1_245' title='bbox 1000 3001 1089 3092; x_wconf 77' lang='lat' dir='ltr'>(ciam</span> 
     </span>
     <span class='ocr_line' id='line_1_30' title="bbox 91 3106 1090 3191; baseline 0 -17"><span class='ocrx_word' id='word_1_246' title='bbox 91 3111 310 3190; x_wconf 84' lang='lat' dir='ltr'>eloquentiam</span> <span class='ocrx_word' id='word_1_247' title='bbox 327 3109 506 3191; x_wconf 84' lang='lat' dir='ltr'>laudarem)</span> <span class='ocrx_word' id='word_1_248' title='bbox 522 3107 586 3170; x_wconf 86' lang='lat' dir='ltr'>dixi</span> <span class='ocrx_word' id='word_1_249' title='bbox 603 3106 737 3169; x_wconf 79' lang='lat' dir='ltr'>oratoris</span> <span class='ocrx_word' id='word_1_250' title='bbox 753 3127 833 3183; x_wconf 85' lang='lat' dir='ltr'>esse,</span> <span class='ocrx_word' id='word_1_251' title='bbox 849 3129 952 3191; x_wconf 91' lang='lat' dir='ltr'>neque</span> <span class='ocrx_word' id='word_1_252' title='bbox 969 3111 1090 3174; x_wconf 89' lang='lat' dir='ltr'>habent</span> 
     </span>
     <span class='ocr_line' id='line_1_31' title="bbox 93 3207 1088 3292; baseline 0 -18"><span class='ocrx_word' id='word_1_253' title='bbox 93 3229 186 3274; x_wconf 83' lang='lat' dir='ltr'>suum</span> <span class='ocrx_word' id='word_1_254' title='bbox 202 3210 308 3272; x_wconf 87' lang='lat' dir='ltr'>locum</span> <span class='ocrx_word' id='word_1_255' title='bbox 331 3209 428 3270; x_wconf 91' lang='lat' dir='ltr'>ullum</span> <span class='ocrx_word' id='word_1_256' title='bbox 443 3209 474 3271; x_wconf 90' lang='lat' dir='ltr'>in</span> <span class='ocrx_word' id='word_1_257' title='bbox 497 3208 650 3271; x_wconf 83' lang='lat' dir='ltr'>divisione</span> <span class='ocrx_word' id='word_1_258' title='bbox 673 3207 821 3290; x_wconf 85' lang='lat' dir='ltr'>partium,</span> <span class='ocrx_word' id='word_1_259' title='bbox 846 3229 950 3292; x_wconf 84' lang='lat' dir='ltr'>neque</span> <span class='ocrx_word' id='word_1_260' title='bbox 966 3222 1088 3274; x_wconf 82' lang='lat' dir='ltr'>certum</span> 
     </span>
     <span class='ocr_line' id='line_1_32' title="bbox 92 3308 1087 3394; baseline 0.001 -22"><span class='ocrx_word' id='word_1_261' title='bbox 92 3319 326 3394; x_wconf 77' lang='lat' dir='ltr'>preceptorum</span> <span class='ocrx_word' id='word_1_262' title='bbox 344 3330 466 3390; x_wconf 69' lang='lat' dir='ltr'>ganusr</span> <span class='ocrx_word' id='word_1_263' title='bbox 489 3320 522 3373; x_wconf 88' lang='lat' dir='ltr'>at</span> <span class='ocrx_word' id='word_1_264' title='bbox 538 3308 666 3392; x_wconf 84' lang='lat' dir='ltr'>agenda</span> <span class='ocrx_word' id='word_1_265' title='bbox 680 3323 753 3372; x_wconf 81' lang='lat' dir='ltr'>sunt</span> <span class='ocrx_word' id='word_1_266' title='bbox 767 3329 831 3370; x_wconf 91' lang='lat' dir='ltr'>non</span> <span class='ocrx_word' id='word_1_267' title='bbox 842 3312 945 3374; x_wconf 80' lang='lat' dir='ltr'>minus</span> <span class='ocrx_word' id='word_1_268' title='bbox 960 3311 1087 3384; x_wconf 74' lang='lat' dir='ltr'>diserte,</span> 
     </span>
     <span class='ocr_line' id='line_1_33' title="bbox 95 3409 1091 3492; baseline 0 -20"><span class='ocrx_word' id='word_1_269' title='bbox 95 3412 189 3491; x_wconf 75' lang='lat' dir='ltr'>quarn</span> <span class='ocrx_word' id='word_1_270' title='bbox 206 3429 278 3489; x_wconf 76' lang='lat' dir='ltr'>quae</span> <span class='ocrx_word' id='word_1_271' title='bbox 293 3410 324 3471; x_wconf 91' lang='lat' dir='ltr'>in</span> <span class='ocrx_word' id='word_1_272' title='bbox 340 3409 393 3473; x_wconf 87' lang='lat' dir='ltr'>lite</span> <span class='ocrx_word' id='word_1_273' title='bbox 409 3411 566 3484; x_wconf 84' lang='lat' dir='ltr'>dicuntur,</span> <span class='ocrx_word' id='word_1_274' title='bbox 585 3409 774 3492; x_wconf 84' lang='lat' dir='ltr'>objurgatio,</span> <span class='ocrx_word' id='word_1_275' title='bbox 800 3410 991 3484; x_wconf 85' lang='lat' dir='ltr'>cohortatio,</span> <span class='ocrx_word' id='word_1_276' title='bbox 1016 3430 1091 3474; x_wconf 87' lang='lat' dir='ltr'>oon·</span> 
     </span>
     <span class='ocr_line' id='line_1_34' title="bbox 96 3505 1090 3594; baseline -0.006 -16"><span class='ocrx_word' id='word_1_277' title='bbox 96 3511 229 3578; x_wconf 77' lang='lat' dir='ltr'>solatio:</span> <span class='ocrx_word' id='word_1_278' title='bbox 252 3527 385 3594; x_wconf 88' lang='lat' dir='ltr'>quorum</span> <span class='ocrx_word' id='word_1_279' title='bbox 401 3511 475 3574; x_wconf 91' lang='lat' dir='ltr'>nihil</span> <span class='ocrx_word' id='word_1_280' title='bbox 491 3505 550 3586; x_wconf 82' lang='lat' dir='ltr'>est,</span> <span class='ocrx_word' id='word_1_281' title='bbox 573 3511 657 3590; x_wconf 91' lang='lat' dir='ltr'>quod</span> <span class='ocrx_word' id='word_1_282' title='bbox 675 3530 738 3573; x_wconf 92' lang='lat' dir='ltr'>non</span> <span class='ocrx_word' id='word_1_283' title='bbox 754 3527 878 3577; x_wconf 90' lang='lat' dir='ltr'>summa</span> <span class='ocrx_word' id='word_1_284' title='bbox 894 3511 1023 3578; x_wconf 81' lang='lat' dir='ltr'>dicendi</span> <span class='ocrx_word' id='word_1_285' title='bbox 1043 3527 1090 3574; x_wconf 89' lang='lat' dir='ltr'>or·</span> 
     </span>
    </p>
   </div>
   <div class='ocr_carea' id='block_1_3' title="bbox 0 0 1253 3966">
    <p class='ocr_par' dir='ltr' id='par_1_5' title="bbox 0 0 1253 3966">
     <span class='ocr_line' id='line_1_35' title="bbox 0 0 1253 3966; baseline 0 0"><span class='ocrx_word' id='word_1_286' title='bbox 0 0 1253 3966; x_wconf 95' lang='lat' dir='ltr'> </span> 
     </span>
    </p>
   </div>
  </div>
 </body>
</html>
