2466 3966
335 171 380 214 na
403 171 557 216 onerosa
581 173 679 217 ursan
703 175 884 219 securibus.
1027 161 1086 218 169

100 314 340 380 tbsmultitudo.
377 315 501 398 Hisque
513 319 762 397 quatuorcausis
774 321 909 384 totidem
920 321 1103 386 medicinae

99 428 325 500 opponuntur.
348 406 416 482 tum
431 419 657 502 objurgatios
634 443 660 482 sr
675 433 723 484 est
738 423 930 500 auotoritas3
952 432 1020 491 rum
1036 425 1090 488 ad·

99 519 244 594 monitio,
260 541 351 601 quasi
342 520 466 584 lenior
480 520 692 642 objurgato
697 534 766 586 turn
775 526 951 606 promissio,
966 548 992 590 sr
983 527 1091 590 audl-
1152 608 1153 612 Ἰ

96 620 191 704 erint,
206 622 414 704 probaturos.
436 633 504 684 tum
529 569 735 704 depreeatrd,
723 629 838 708 quod
865 638 914 691 est
936 627 1091 704 infimum,

99 715 157 788 sed
173 744 402 806 nonnunquam
419 725 504 788 utile.
549 725 646 788 Nullo
670 738 778 790 autem
794 727 875 792 loco
881 729 952 811 plus
966 729 1091 794 facetia

99 836 244 908 prosunt,
259 837 291 889 et
305 826 461 901 celeritas,
487 837 520 890 et
535 827 630 907 breve
654 827 783 909 aliquod
799 830 931 905 dietum,
946 853 1007 918 nec
1022 831 1091 896 sine

100 924 268 1012 dignitate,
283 939 316 993 et
329 949 402 992 cum
418 929 537 1012 lepore.
553 956 555 962 ·
581 929 667 994 Nihil
679 930 764 994 enim
786 941 853 996 tam
869 932 972 1010 facile,
995 937 1091 1014 quam

102 1031 282 1108 multitudo,
309 1053 328 1096 a
344 1031 478 1108 tristitie,
493 1041 526 1096 et
541 1033 626 1113 saepe
642 1032 683 1094 ab
709 1033 896 1110 acerbitate,
912 1038 1092 1112 commode,

99 1155 140 1198 ae
156 1133 301 1210 breviter,
312 1145 346 1210 et
361 1137 467 1210 acute,
482 1143 513 1196 et
529 1133 626 1196 hilare
642 1133 729 1196 dieto
744 1135 919 1201 deducitur.
1057 1209 1058 1212 Ἴ

143 1236 326 1300 LXXXIV.
351 1235 492 1319 Exposui
502 1235 576 1311 fere,
586 1249 621 1298 ut
633 1234 731 1318 potui,
742 1237 842 1314 vobis,
853 1239 884 1302 in
894 1251 1029 1322 utroque
1040 1263 1094 1326 ge·
1184 1270 1188 1308 κ

31 1340 35 1348 ’
100 1359 177 1404 nere
189 1359 359 1404 causarum
370 1359 442 1420 quae
453 1337 543 1419 sequi
555 1337 699 1412 solerem,
711 1358 782 1420 quae
792 1339 912 1424 fugere,
924 1363 996 1423 quae
1005 1363 1095 1424 spec-

95 1454 181 1520 tare,
194 1441 319 1527 quaque
330 1441 462 1506 omnino
474 1440 505 1502 in
517 1439 621 1504 causis
633 1440 755 1506 ratione
765 1441 890 1505 versari.
935 1442 967 1505 N
969 1464 1007 1506 ec
1019 1443 1094 1512 illud

100 1545 230 1610 tertium
244 1543 464 1610 laudationum
480 1562 581 1625 genus
596 1551 644 1604 est
658 1541 797 1618 difficile,
819 1545 905 1625 quod
928 1566 990 1628 ego
1003 1545 1095 1618 initio
1132 1585 1134 1588 -

101 1646 194 1730 quasi
209 1667 230 1710 a
244 1645 412 1729 praecoptis
427 1645 540 1709 nostris
551 1663 763 1710 secreveram:
787 1647 855 1721 sed,
869 1658 902 1710 et
913 1649 986 1728 quia
997 1648 1096 1714 multa
1198 1683 1211 1706 ι

101 1759 176 1812 suut
189 1748 368 1812 orationum
384 1769 514 1830 genera,
529 1758 561 1812 et
572 1746 728 1829 graviora,
744 1759 774 1811 et
787 1749 913 1833 majoris
926 1752 1039 1834 copiae,
1054 1753 1095 1817 de

102 1849 217 1930 quibus
232 1871 329 1914 nemo
343 1848 407 1913 fere
424 1850 620 1932 proeciperet,
638 1863 670 1913 et
685 1849 770 1932 quad
786 1872 845 1914 uos
860 1851 1096 1937 laudationibus

103 1973 169 2018 non
184 1953 229 2018 ita
244 1951 376 2016 multllm
392 1953 436 2016 uti
453 1952 636 2027 celeremue,
659 1963 760 2014 totum
782 1953 867 2016 hunc
883 1957 1096 2038 segregabam
1180 1957 1185 1966 '

103 2055 221 2118 locum.
266 2053 1096 2136 IpsienimGraeci,magislegendietdelectationis,

104 2167 161 2223 aut
172 2144 307 2232 bominis¹
323 2155 454 2238 alicujus
470 2155 613 2240 ornandi,
629 2158 723 2236 quem
740 2155 884 2242 utilitatis
893 2157 982 2240 hujus
996 2158 1098 2222 foren-
1123 2154 1146 2172 ''

102 2255 147 2324 sis
160 2258 269 2335 causi,
282 2246 483 2322 laudationes
497 2259 766 2340 scriptitaverunt3
788 2251 921 2340 quorum
934 2272 1006 2326 sum
1018 2263 1098 2338 libri,

103 2362 217 2446 quibus
227 2347 473 2436 Themistocles,
483 2360 646 2434 Aristides,
657 2360 832 2442 Agesilaus,
846 2363 1097 2445 Epaminondae,

1 2485 2 2488 ’
104 2465 278 2548 Philippus,
293 2463 486 2538 Alexander,
505 2463 630 2545 aliique,
648 2463 835 2527 laudantur:
857 2477 974 2529 nostrae
990 2467 1096 2532 lauda-

103 2569 218 2646 tiones,
241 2567 355 2651 quibus
370 2566 402 2630 in
418 2562 486 2630 loro
502 2567 627 2642 utimur,
648 2577 704 2630 aut
723 2567 892 2637 testimonii
908 2569 1095 2636 brevitatem

102 2671 226 2734 babent
240 2670 360 2733 nudam
377 2679 473 2750 atque
488 2669 679 2743 inornatam,
691 2663 746 2732 aut
760 2669 937 2733 scribuntur
952 2671 992 2732 ad
1009 2671 1095 2736 fune·

104 2774 195 2838 brem
217 2772 420 2847 concionem,
442 2791 514 2852 quae
535 2771 576 2833 ad
592 2770 742 2836 orationis
757 2770 885 2834 laudem
901 2771 1027 2834 minime
1044 2794 1095 2838 ac·

106 2876 317 2941 commodata
330 2886 389 2940 est.
434 2863 500 2936 Sed
516 2883 635 2948 tamen,
650 2871 801 2952 quoniam
816 2882 865 2934 est
875 2873 1027 2936 utendum
1044 2874 1095 2938 ali·

104 2978 245 3060 quando,
260 2994 490 3059 nonnunquam
505 2973 602 3037 etiam
618 2972 830 3050 scribendum,
844 2972 929 3038 velut
941 2973 976 3038 P.
988 2975 1095 3042 Tube·

104 3079 175 3146 roni
189 3079 375 3142 Africanum
398 3075 589 3140 avunculum
608 3073 751 3136 laudanti
774 3075 896 3160 scripsit
916 3075 952 3140 O.
968 3076 1094 3154 Laelius,

1 3215 2 3218 ¹
105 3182 155 3248 vel
171 3192 206 3246 ut
230 3179 425 3263 nosmetipsi,
450 3176 584 3242 ornandi
609 3177 925 3253 causamentum
947 3198 1047 3257 more,
1069 3181 1095 3246 si
1125 3210 1127 3214 ·

104 3307 186 3370 quos
201 3282 341 3358 velimus,
352 3282 483 3346 laudare
499 3279 668 3364 possimus,
690 3279 728 3344 sit
742 3280 1003 3362 anobisquoqua
1014 3289 1095 3350 trac·

105 3385 338 3462 tatusislocus.
379 3382 582 3466 Perspicuum
595 3394 644 3448 est
654 3381 758 3466 igitur,
770 3381 832 3444 alia
843 3402 913 3448 esse
924 3382 955 3446 in
967 3383 1096 3452 homine

106 3489 262 3576 optanda,
277 3475 521 3550 ulialaudabda.
566 3485 1097 3568 Genus,formaviraaopeadiri·

105 3597 171 3670 tioe,
185 3600 366 3670 caeteraque
386 3607 457 3670 quoe
468 3587 594 3652 fortuna
605 3588 661 3652 det
675 3599 731 3650 aut
742 3585 935 3659 ertiiuseous
953 3597 1010 3652 aut
1029 3607 1096 3654 eor·

586 3697 622 3752 1⁵
