2466 3966
120 131 179 190 tte
341 149 386 192 ec
409 147 564 192 osauoes
587 147 688 190 ursus
711 148 892 190 scouuous.

156 291 297 356 XXXII.
322 293 408 362 Quae
419 295 505 370 vero,
516 297 590 358 cum
602 294 642 358 de
655 294 742 358 lacto
754 316 820 358 non
834 293 1013 378 ambigitur,
1025 313 1112 373 qum·

114 405 233 471 runtttr,
248 396 355 476 qualia
366 398 446 472 sint;
469 419 519 473 ea,
534 396 560 460 si
576 419 616 460 ex·
627 396 688 460 reis
703 417 861 473 numeres,
883 397 1113 461 et-innumere·

114 497 189 561 bilis
205 511 288 574 sunt,
313 512 347 563 et
361 500 518 574 obscura;
539 499 565 562 si
580 521 619 562 ex
634 500 739 575 rebus,
765 501 859 564 valde
874 513 906 564 et
922 499 1062 574 modica,
1077 509 1113 561 et

113 598 255 664 illustria.
299 602 386 666 Nam
401 601 427 664 si
443 601 589 666 Mancini
603 623 735 666 causam
751 602 782 664 in
799 623 864 665 uno
880 601 1035 666 Mancino
1056 621 1114 683 po·

113 703 228 780 nimus,
254 704 505 788 quotiescunque
522 705 559 781 is,
580 688 676 785 quern
691 715 929 788 peterpatretus
944 703 1113 780 dediderit,

113 820 262 890 receptus
276 829 340 870 non
357 807 426 883 erit,
453 808 547 872 t'oties
574 829 673 872 causa
699 829 783 872 nove
799 819 959 872 nascetur.
1004 805 1112 870 Sinin

112 910 164 974 illei
179 909 394 992 controversiis
419 931 552 974 causam
567 910 655 988 lecit,
681 913 867 975 videaturne
882 911 923 986 ei,
945 929 1046 990 quem
1058 931 1113 992 pa·

112 1023 304 1095 terpatratus
319 1005 487 1089 dediderit,
499 1013 524 1077 si
540 1015 565 1078 is
582 1037 645 1078 non
661 1014 701 1078 sit
713 1013 871 1097 receptus,
884 1011 1113 1096 postliminium

101 1135 200 1191 'esse3
222 1114 299 1179 nihil
327 1117 367 1180 ad
385 1129 487 1180 artem
502 1118 642 1195 dicendi,
662 1139 723 1182 nec
739 1119 780 1182 ad
798 1129 989 1200 argumenta
1004 1115 1113 1178 desen-

111 1217 217 1294 sionis,
234 1218 378 1284 Mancini
394 1241 512 1286 nomen
526 1223 672 1303 pertinet.
719 1223 778 1296 Ac,
793 1220 819 1284 si
834 1221 910 1301 quid
927 1219 1017 1282 affert
1033 1239 1113 1300 prae·

89 1329 199 1407 *terea
225 1322 361 1386 hominis
389 1319 446 1386 aut
459 1323 598 1408 dignitas
626 1337 680 1388 aut
695 1324 880 1414 indignitas,
906 1333 996 1386 extra
1011 1341 1114 1402 quaes·

111 1426 233 1492 tionem
248 1440 319 1504 est3
341 1438 373 1492 et
390 1449 429 1492 ea
445 1441 554 1494 tamen
571 1428 641 1512 ipsa
656 1429 760 1492 oratio
776 1429 817 1492 ad
834 1425 970 1490 universi
985 1423 1113 1509 generis

110 1530 361 1613 disputationem
387 1533 540 1596 referatur
556 1553 690 1596 necesse
705 1544 763 1596 est.
810 1531 891 1594 Haec
907 1551 970 1612 ego
990 1548 1055 1592 non
1069 1549 1112 1592 co

109 1633 243 1696 consilio
254 1633 394 1715 disputo,
409 1644 443 1695 ut
460 1635 604 1698 homines
621 1635 760 1697 eruditos
777 1635 989 1716 redarguam,
1011 1651 1113 1712 quan·

109 1753 206 1815 quam
219 1734 474 1816 reprehendendi
486 1743 570 1809 sunt,
585 1735 682 1815 quiin
694 1757 813 1818 genere
828 1735 1025 1811 definiendo,
1035 1733 1113 1798 istas

109 1854 223 1900 causas
238 1835 423 1900 describunt
446 1836 478 1900 in
495 1837 638 1920 personis
661 1848 694 1900 et
709 1838 741 1900 in
766 1836 963 1920 temporibus
990 1836 1113 1921 positas

109 1961 188 2004 esse.
235 1940 323 2002 Natu
337 1939 397 2004 etsi
414 1939 578 2004 incurrunt
594 1951 751 2023 tempora,
767 1950 800 2004 et
815 1961 972 2022 personae,
998 1929 1112 2005 tamen

109 2045 352 2130 intelligendum
367 2054 426 2121 est,
441 2065 506 2108 non
534 2065 574 2108 ex
591 2044 638 2119 iis,
664 2044 720 2107 sed
737 2065 775 2106 ex
791 2063 909 2126 genere
925 2043 1112 2132 quaestionis

76 2213 79 2220 .
107 2151 250 2236 pendere
265 2170 389 2216 causas.
436 2149 502 2212 Sed
527 2147 589 2211 hoc
605 2146 680 2210 nihil
697 2147 739 2211 ad
767 2167 830 2210 me.
859 2144 1006 2234 vNullum
1021 2146 1109 2210 enim

108 2255 200 2320 nobis
216 2264 381 2321 certamen
408 2271 483 2316 cum
497 2250 563 2316 istis
579 2273 648 2314 esse
664 2251 762 2314 debet
788 2261 933 2312 tantum:
957 2249 1035 2312 setis
1062 2261 1112 2314 est
1203 2307 1208 2315 .

109 2357 252 2440 intelligi,
267 2377 308 2420 ne
332 2355 394 2418 hoc
410 2355 540 2436 quidem
555 2376 610 2418 eos
626 2366 828 2430 consecutos,
855 2352 941 2433 quod
967 2353 1000 2415 in
1017 2363 1110 2417 tanto

110 2459 188 2535 otio,
203 2459 302 2522 etium
313 2457 381 2520 sine
393 2457 455 2520 hac
468 2455 585 2520 sorensi
601 2457 841 2532 exercitatione,
853 2456 981 2520 efficere
999 2468 1110 2538 potue·

109 2573 191 2637 runt,
218 2571 253 2624 ut
267 2581 387 2644 genera
403 2579 507 2624 rerum
529 2557 758 2634 discernerent,
784 2579 887 2639 eaque
915 2558 1011 2640 panto
1038 2559 1111 2622 sub·
1203 2636 1207 2642 Ι

109 2667 192 2732 tiliits
219 2663 425 2748 explicarent.
471 2663 590 2725 Verium
615 2663 678 2726 hoc
705 2664 754 2744 (ut
769 2663 846 2756 dixi)
875 2661 950 2724 nihil
978 2663 1018 2725 ad
1047 2683 1110 2767 me.

110 2769 191 2834 Illud
208 2768 327 2843 adme,
343 2787 383 2830 ac
400 2765 500 2830 multd
515 2766 611 2830 etiem
627 2766 732 2851 magis
748 2767 789 2830 ad
805 2786 871 2842 vos,
888 2765 986 2830 Cotta
1002 2776 1111 2831 noster
1131 2784 1134 2787 ·

101 2884 142 2938 ,et
158 2871 300 2955 Sulpici:
323 2871 487 2952 quomodo
500 2890 585 2934 nunc
600 2893 634 2934 se
650 2870 781 2934 istorum
798 2881 881 2932 artes
894 2869 1024 2944 habent,
1040 2890 1110 2951 per·

110 2974 309 3039 timescenda
324 2985 372 3036 est
394 2974 564 3038 multitudo
590 2991 779 3039 causarum:
803 2984 850 3036 est
866 2970 952 3034 enim
975 2970 1112 3050 infinita,

110 3079 135 3142 si
152 3078 182 3140 in
199 3077 342 3160 personis
359 3078 505 3159 ponitur3
527 3089 605 3157 quot
620 3077 838 3151 homines„tot
854 3094 980 3164 eausae:
1004 3076 1050 3138 sin
1068 3077 1110 3140 ad

110 3200 264 3267 generum
281 3179 441 3244 universas
467 3182 660 3261 quaestiones
684 3163 879 3252 reseruntur,
895 3172 951 3241 'ite
972 3179 1110 3244 modicae

109 3297 143 3348 ct
158 3303 271 3367 psucae
287 3293 370 3359 sunt,
385 3295 419 3345 ut
440 3304 495 3345 eas
512 3305 635 3359 omnes,
650 3283 828 3366 diligentes,
844 3295 877 3345 et
892 3303 1062 3359 memores,
1077 3297 1111 3347 et

109 3387 207 3452 sobrii
232 3396 374 3450 oratores
391 3406 557 3468 percursas
573 3386 692 3461 animo,
719 3396 761 3460 et,
787 3388 886 3468 prope
910 3387 1029 3460 dicam,
1056 3386 1112 3450 de·

99 3486 258 3562 'edolatas
285 3489 403 3552 habere
430 3489 592 3562 debeant3
614 3487 674 3550 nisi
699 3488 778 3552 forte
803 3487 999 3563 existimetis,
1025 3489 1110 3554 aM‘

111 3593 208 3661 Curio
223 3613 356 3660 causam
381 3590 530 3656 didicisse
545 3591 583 3656 L.
600 3590 763 3666 Crassum,
785 3581 871 3656 etei
886 3613 919 3656 re
946 3591 1046 3656 multa
1063 3604 1110 3660 at·
