2466 3966
362 155 404 198 ne
419 155 574 200 onuroen
586 155 683 214 uranu
697 155 873 202 aecurmue.
1045 141 1098 200 l'tl

108 379 111 392 Ι
133 303 206 392 illud
232 305 353 370 tertium
369 301 503 382 veniam,
524 313 571 369 cst
596 303 688 388 plene
704 305 834 398 oratoria
849 325 975 372 movere
990 307 1102 384 risum,

24 485 30 497 Ι
133 409 180 474 vel
195 407 360 493 quddipsa
385 408 521 474 hilaritas
545 409 796 474 benevolentiam
823 407 971 474 conciliat
982 411 1021 488 ei,
1046 433 1101 495 per

131 534 226 595 quem
238 515 375 580 excitata
386 525 451 592 eat,
472 513 519 577 vel
534 513 943 596 quddadmiranturomnes
957 535 1101 594 acumen,

20 641 23 650 ·
132 639 195 681 uno
209 619 293 701 crepe
314 619 346 682 in
360 618 455 683 verbo
470 619 614 702 positum,
637 619 770 682 maxime
786 617 1011 701 respondentie,
1026 641 1101 684 non·

132 741 293 804 nunquam
307 722 402 787 etiem
417 721 613 800 lacessentis3
636 723 684 788 vel
706 723 789 806 quod
804 721 919 806 frangit
934 722 1101 788 adverseri-
1153 743 1163 749 ·

132 847 196 902 um,
209 825 294 909 qood
309 825 447 910 impedit,
462 827 545 910 qudd
560 826 672 902 elevet,
693 827 778 910 qudd
794 827 940 902 deterret,
955 827 1038 910 quud
1051 848 1099 892 re·

10 985 21 1014 ,
131 925 296 1007 sutet3'vel
312 930 395 1014 quod
409 932 510 1015 ipsum
534 943 690 994 oratorem
700 931 841 1015 -politum
857 951 924 996 esse
939 931 1098 996 lrorninem

130 1034 294 1119 significat,
314 1037 398 1119 qudd
414 1035 578 1112 eruditum,
602 1034 686 1118 quod
703 1035 877 1112 urbanum3
899 1034 1098 1120 meximeque

129 1139 214 1222 qudd
224 1139 377 1206 tristitiam
393 1161 431 1205 ac
456 1139 652 1204 severitatem
669 1139 801 1224 mitigat,
823 1150 855 1204 et
869 1139 998 1218 relaxat,
1013 1141 1098 1205 odio·

61 1325 67 1338 ,
129 1265 240 1327 eaeque
255 1263 302 1308 res
317 1247 411 1328 sepe,
436 1241 724 1328 quaeergumentis
749 1242 821 1308 dilui
844 1264 907 1308 non
933 1243 1025 1310 facile
1040 1255 1096 1320 est,

124 1347 200 1432 joco
224 1349 347 1432 risuque
372 1347 518 1412 dissolvit.
562 1348 726 1418 Quatenus
753 1358 858 1412 autem
883 1346 943 1411 sint
967 1347 1097 1415 ridicula

128 1452 295 1516 tractanda
307 1452 430 1528 oratori,
444 1470 595 1536 perquam
610 1451 773 1536 diligenter
791 1450 958 1515 videndum
971 1462 1039 1526 est,
1064 1452 1095 1516 id
1174 1433 1181 1442 ’

11 1549 21 1574 ”
125 1555 213 1638 quod
224 1555 255 1619 in
267 1566 377 1638 quarto
387 1553 459 1620 loco
471 1555 628 1638 quaerendi
649 1559 871 1641 posueramus:
895 1577 968 1619 nem
981 1555 1094 1620 necin·

125 1658 222 1744 signis
236 1659 427 1744 improbitas,
438 1670 471 1725 et
480 1660 597 1726 scelere
605 1661 725 1746 juncte,
735 1682 794 1726 nec
809 1681 910 1724 rursus
920 1659 1042 1724 miseria
1051 1659 1094 1726 in·

24 1851 28 1862 ,
125 1763 221 1849 signia
237 1765 355 1850 agitata
369 1763 502 1830 ridetur:
524 1764 807 1831 facinorososenim
823 1765 940 1850 majore
955 1765 1091 1848 quddam

15 1869 18 1877 '
127 1868 166 1945 vi,
180 1870 272 1962 quern
288 1868 416 1947 ridiculi,
433 1869 716 1935 vulnererivolunt:
740 1870 866 1934 miseros
878 1869 961 1934 illudi
973 1870 1093 1948 nolunt,
1150 1898 1152 1906 ¹

126 1974 182 2039 nisi
198 1975 223 2038 ei
234 1996 267 2040 se
282 1973 360 2040 forte
381 1977 513 2060 jactant.
555 1974 752 2040 Parcendum
768 1985 815 2040 est
829 1984 935 2042 autem
956 1976 1098 2040 maxime·

23 2147 28 2162 ,
122 2079 248 2144 caritati
271 2079 442 2156 bominum,
456 2099 495 2144 ne
507 2081 623 2145 temere
632 2079 662 2143 in
675 2100 728 2144 eos
740 2079 838 2155 dices,
847 2078 899 2161 qui
913 2077 1090 2162 diliguntur.

168 2181 253 2248 LIX.
275 2183 355 2250 Haec
374 2184 465 2269 igitur
480 2183 658 2248 adhibenda
679 2189 726 2247 est
751 2182 884 2267 primurn
900 2183 930 2246 in
950 2182 1091 2265 jocundo

125 2285 309 2351 moderatio.
352 2286 461 2379 ltaque
487 2307 526 2351 ee
548 2285 690 2352 facillime
712 2287 868 2364 luduntur,
894 2307 964 2368 quae
986 2293 1101 2369 neque'
1188 2304 1195 2317 ·

10 2387 17 2424 '⁹
124 2389 198 2456 odio
224 2410 350 2476 magno,
374 2411 476 2476 neque
500 2389 863 2456 misericordidrncximd
888 2391 1087 2476 (lignacum.

123 2493 343 2584 Quamobrem
356 2494 498 2559 materies
510 2495 609 2559 omnis
620 2495 818 2560 ridiculorum
829 2505 876 2560 est
885 2495 916 2560 in
927 2495 989 2560 istis
1001 2495 1091 2572 vitiis,

10 2647 16 2664 .
124 2618 193 2683 quae
204 2612 275 2664 sunt
286 2599 316 2664 in
326 2599 553 2665 ritdhcminum
564 2621 664 2683 neque
676 2621 831 2676 carorum,
845 2621 946 2685 neque
961 2600 1089 2666 calami·

122 2715 271 2783 tosorurn,
286 2725 386 2789 neque
413 2726 519 2770 eorum
542 2703 646 2786 quiob
658 2703 777 2768 facinus
793 2703 833 2768 ed
845 2703 1030 2787 supplicium
1042 2724 1088 2767 rn-

120 2807 225 2892 piendi
235 2808 393 2886 ridentur,
413 2809 603 2892 eequebelld
614 2808 732 2891 agitata
744 2807 889 2872 ridentur.
923 2806 1095 2871 Estetienr·

10 2953 13 2972 .
46 2991 51 2998 ⁶
120 2909 333 2989 deformitatis,
348 2923 380 2977 et
391 2911 528 2996 corporis
539 2912 680 2979 vitiorum
692 2911 768 2975 setis
782 2908 865 2974 bella
885 2909 1030 2974 materies
1046 2911 1087 2976 ad

115 3013 303 3100 jocandum:
325 3015 380 3080 sed
396 3015 573 3099 quaerimus·
584 3014 678 3091 idem,
703 3014 787 3112 quod
803 3013 969 3080 incaeteris
995 3013 1088 3079 rebus

25 3175 33 3200 .,
118 3115 253 3181 maxime
275 3121 476 3199 quaerendum
490 3129 547 3196 est,
562 3117 722 3200 quitenus.
765 3119 801 3182 lo
816 3138 889 3201 quo,
910 3120 1087 3184 nonmodri

117 3218 191 3283 illud
207 3220 390 3305 praecipitur,
405 3222 528 3307 nequid
541 3222 729 3298 insulse,sed
744 3223 850 3305 etiam,
868 3223 892 3286 ri
907 3224 979 3304 quid
993 3225 1088 3308 perri-

117 3321 218 3387 dicule
241 3324 355 3406 poesis:
377 3326 535 3390 vitandum
556 3337 604 3392 est
625 3328 739 3400 oretori
763 3337 938 3409 utrumque,
964 3347 1003 3391 ne
1030 3339 1086 3392 eut

115 3424 248 3494 scurrilis
257 3425 348 3510 jocus
372 3428 420 3506 eit,
436 3441 489 3494 eut
514 3431 664 3495 mimicus.
709 3430 793 3502 Quae
816 3431 990 3516 cujusmodi
1013 3432 1084 3508 sint,

129 3608 139 3624 Ι

114 3651 151 3704 rt
165 3633 347 3704 venerimus,
387 3711 390 3718 ,

115 3528 234 3598 facilius
243 3529 310 3614 jem
322 3529 537 3618 intelligemus,
552 3537 622 3608 citur
639 3535 679 3600 nd
694 3536 763 3642 ipse
772 3535 968 3606 ridiculorum
991 3555 1086 3626 gena·
1201 3533 1223 3584 ἰ
