2466 3966
335 134 553 178 monarcus
578 135 676 177 LIBER
700 116 880 180 securibus.
1006 127 1008 132 ’
1046 121 1104 181 177

113 275 207 353 misit,
222 276 332 357 inquit,
352 288 434 341 utet
450 290 555 361 partes
566 281 698 354 faceret,
713 290 756 355 et,
772 290 875 342 utram
890 281 995 355 vellet,
1021 280 1105 362 prior

111 377 181 460 ipse
195 379 351 442 sumeretl
373 380 501 456 deinde,
526 373 629 464 si'ego
645 383 731 444 'recte
746 380 896 456 intellexi,
922 385 996 444 oum
1011 380 1106 445 valde

112 467 253 544 libenter
262 480 416 556 audirem,
431 481 507 544 mihi
521 483 692 565 conjuncte
707 491 756 545 est
770 481 852 544 visus
867 483 909 546 de
924 483 1056 564 utraque
1071 503 1105 547 re

112 582 230 646 dicere.
275 581 332 646 llle
356 585 441 660 vero,
470 584 571 664 inquit
597 582 705 660 Cotta,
738 594 928 647 ornamenta
955 585 1105 649 orationis

112 704 178 747 non
195 683 309 766 attigit,
335 705 439 766 neque
454 705 527 748 eam
542 685 683 762 laudem,
709 705 747 749 ex
763 684 824 766 qud
850 685 1033 767 eloquentia
1050 707 1106 750 no·

113 805 187 849 men
203 771 307 868 ipsum
321 786 448 851 invenit.
493 788 600 851 Verba
615 788 720 871 igitur,
742 787 843 868 inquit
858 786 1003 864 Crassus,
1029 787 1105 854 mihi

113 887 238 968 reliquit
258 888 437 964 Antonius3
461 875 527 952 rem
555 890 623 971 ipse
639 889 757 953 sumsit.
802 888 889 952 Turn
917 890 1037 966 Caesar,
1060 889 1107 966 Si,

113 990 199 1070 quod
226 989 381 1053 difficilius
407 987 466 1066 est,
491 991 523 1052 id
550 990 607 1054 tibi
633 989 766 1070 reliquit,
798 1005 846 1054 est
872 992 974 1067 uobis,
996 991 1106 1072 iuquit,
1185 987 1192 1003 '

112 1109 223 1168 causa,
247 1104 350 1156 curte
375 1092 484 1156 audire
499 1092 684 1174 cupiamus:
707 1092 765 1168 sin,
791 1095 878 1176 quod
894 1095 1026 1172 facilius,
1050 1095 1107 1158 tibi

113 1213 213 1259 causa
237 1215 303 1258 non
319 1205 377 1270 est,
400 1215 456 1259 cur
471 1214 607 1258 recuses.
653 1194 696 1256 Et
711 1192 854 1270 Catulus,
881 1195 993 1264 Quidl
1020 1199 1106 1278 quod

77 1328 80 1334 ·
111 1296 226 1373 dixisti,
240 1297 353 1386 inquit,
369 1296 494 1372 Crasse,
517 1297 542 1359 si
557 1296 610 1359 hie
626 1295 721 1372 hodie
736 1295 822 1377 apud
845 1306 877 1359 te
894 1317 1106 1374 maneremus,

112 1411 145 1464 te
162 1418 283 1463 morem
299 1397 390 1461 nobis
406 1419 475 1462 esse
500 1407 675 1481 gesturum,
701 1397 819 1460 nihilne
836 1398 877 1460 ad
903 1401 1000 1463 fidem
1017 1411 1106 1463 tuam
1208 1389 1209 1392 ¹

111 1511 207 1586 putas
222 1499 401 1584 pertinere?
424 1499 509 1562 Turn
526 1499 624 1563 Cotta
639 1499 754 1575 ridens,
767 1498 898 1564 Possem
914 1503 981 1578 tibi,
996 1503 1107 1585 inquit,

112 1603 240 1679 Crasse,
265 1601 463 1667 concedere:
486 1603 541 1666 sed
558 1602 640 1677 vide,
667 1603 798 1684 nequid
815 1601 948 1668 Catulus
967 1604 1108 1669 attulerit

112 1705 291 1790 religionis:
315 1726 394 1788 opus
410 1707 473 1768 hoc
498 1705 678 1770 censorium
693 1714 759 1768 est:
782 1705 814 1768 id
831 1689 939 1770 autern
961 1708 1107 1771 commit·

113 1810 249 1886 mittere,
273 1808 345 1872 ride
361 1811 456 1890 quam
482 1808 523 1872 sit
545 1807 666 1872 homiui
690 1817 782 1891 turpe
808 1810 965 1873 censorio.
1010 1809 1107 1893 Agite

112 1912 199 1988 verri,
223 1910 275 1976 ille
289 1911 400 1994 inquit,
425 1921 460 1974 ut
475 1911 585 1974 vultis:
608 1910 665 1974 sed
686 1930 771 1974 nunc
787 1911 927 1990 quidem,
954 1909 1106 1990 quoniam

112 2013 146 2077 id
162 2014 313 2097 temporis
328 2023 386 2090 est,
412 2013 605 2097 surgendum
621 2033 751 2088 censeo,
775 2024 808 2076 et
823 2013 1106 2092 requiescendum:

114 2125 188 2201 post
202 2117 376 2192 meridiem,
401 2115 427 2178 si
442 2116 486 2180 itu
509 2115 598 2179 vobis
624 2124 672 2177 est
696 2114 914 2185 commodum,
940 2113 1107 2194 loquemur

114 2219 243 2301 aliquid,
268 2218 327 2281 nisi
341 2217 421 2282 sorte
436 2217 467 2280 in
483 2217 656 2281 crastinum
682 2215 808 2279 differre
832 2213 986 2277 mavultis.
1030 2213 1107 2276 Om·

115 2343 173 2386 nes
183 2342 217 2386 se
228 2320 278 2386 vel
287 2320 405 2396 statim,
420 2318 480 2395 vel,
489 2318 514 2382 si
525 2318 593 2401 ipse
605 2327 677 2400 post
688 2316 852 2381 meridiem
863 2315 983 2391 mallet,
997 2333 1106 2400 quam·

115 2426 253 2512 primurn
268 2436 388 2501 tamen,
404 2421 512 2487 audire
528 2420 607 2487 velle
618 2420 774 2486 dixerunt.
