2458 3972
124 165 184 224 284
254 218 256 224 ,
361 179 404 224 nt
423 179 574 224 ossanna
592 179 690 224 arnna
715 177 865 224 annuns.
952 201 955 208 -

126 327 220 392 nrodb
236 336 374 392 ontervae
396 337 491 412 atque
506 338 691 406 conventus,
716 327 772 394 sed
786 326 884 394 etiam
898 325 956 412 ipsi
971 324 1029 392 sibi
1046 325 1123 390 sin·

125 431 189 517 guli
203 430 429 516 discrepantes,
443 432 629 518 ejicianturl

167 535 221 600 LI.
245 535 389 602 Mirabile
404 547 462 613 est,
484 539 556 601 edm
572 536 737 622 plurimdnr
753 534 959 600 insaniendo
984 535 1118 599 intorsit

127 639 206 705 inter
220 639 351 706 doctum
361 650 395 705 et
408 641 528 716 rudem,
543 643 637 723 quarn
649 661 713 705 non
727 639 859 704 multum
873 639 998 704 differat
1010 637 1044 702 in
1061 639 1117 724 ju·

127 744 274 809 dicando.
319 745 377 808 Ars
394 743 498 820 enim,
528 746 600 808 edm
627 765 646 808 a
671 742 783 809 naturb
807 741 951 828 prosecta
976 741 1026 818 sit,
1049 741 1115 806 nisi

129 847 272 932 [natura]
290 857 415 911 moveat
430 868 469 910 no
484 845 632 924 delectet,
646 847 720 912 nibil
735 849 812 912 sanie
834 845 938 932 egisse
951 845 1112 912 videatur.

128 949 213 1014 Nibil
233 963 280 1015 est
296 961 401 1014 autern
414 960 479 1014 tam
495 963 668 1034 oognatunr
692 949 847 1015 inentibus
873 950 996 1026 nostris,
1011 952 1113 1032 quarn
1206 966 1208 976 “

128 1059 247 1118 numeri
274 1063 367 1135 atque
383 1075 496 1130 vooes3
518 1054 628 1137 quibus
654 1065 686 1119 et
701 1055 884 1131 excitamur,
909 1064 942 1118 et
959 1053 1113 1138 jacendi·
1205 1101 1208 1123 .

128 1179 206 1234 mur,
221 1169 253 1222 et
267 1157 409 1235 lenimur,
434 1170 467 1223 et
481 1158 723 1242 languescimus,
748 1169 780 1223 et
796 1159 837 1223 ad
853 1157 1051 1234 bilaritatem,
1075 1167 1112 1221 ot
1205 1167 1208 1246 ,³

129 1263 168 1326 ad
185 1261 350 1339 tristitiam,
375 1265 457 1347 saepe
472 1263 675 1330 deducimur:
698 1283 829 1344 quorum
856 1261 908 1326 illa
922 1283 1047 1325 summa
1061 1261 1111 1324 vis

129 1364 317 1430 carminibus
329 1379 378 1432 est
392 1366 542 1450 aptior-et
556 1365 711 1442 nantibus,
733 1386 796 1430 non
809 1365 967 1450 neglecta,
982 1376 1016 1429 nt
1032 1364 1109 1428 mibi

130 1470 259 1547 videtur,
275 1468 510 1555 nNumd,·rege
525 1470 716 1546 doctissimo,
738 1468 968 1554 majoribusque
984 1469 1109 1544 nostris,

131 1586 164 1638 ut
179 1574 339 1659 epularum
355 1574 530 1639 solennium
545 1574 622 1638 tides
638 1595 677 1638 ao
688 1573 784 1650 tibias,
807 1572 1026 1656 Saliortunque
1041 1593 1107 1636 ver·
1205 1595 1208 1626 t

131 1699 193 1753 sus,
205 1678 363 1753 indicant3
384 1676 519 1740 maximo
536 1676 805 1742 autemaGraeoib
818 1689 923 1742 vetere
935 1676 1108 1741 celebrata.

131 1779 255 1850 Quibus
281 1780 401 1844 utinam
426 1778 637 1863 similibusque
663 1781 703 1844 de
719 1781 811 1852 rebus
825 1781 985 1866 disputari,
1011 1783 1105 1864 quim

131 1884 171 1947 de
186 1881 353 1968 puerilibus
369 1883 420 1948 his*
431 1883 594 1960 verborum
618 1884 880 1962 translationibus,
903 1881 1106 1950 maluissetisl

131 1987 258 2065 Venlm,
280 1998 313 2052 ut
329 1988 360 2055 in
383 2009 472 2052 versu
486 1987 605 2072 vulgus,
630 1989 656 2052 si
671 2001 718 2054 est
733 1999 912 2072 peceatum,
927 1989 1028 2054 videt:
1050 1989 1107 2066 sic,

132 2095 156 2158 ai
172 2093 245 2176 quid
261 2093 291 2156 in
307 2091 412 2158 nostri
426 2092 568 2156 oratione
584 2091 752 2169 claudioat,
776 2091 879 2158 sentit.
924 2093 989 2156 Sed
1004 2097 1108 2177 poetae
1200 2115 1208 2164 t

133 2219 196 2261 non
212 2195 364 2283 ignoscit,
395 2195 485 2260 nobis
501 2196 664 2260 coneedit:
689 2195 783 2260 tacitis
796 2206 902 2260 tamen
918 2217 1027 2260 omnes
1042 2217 1107 2262 non

134 2322 201 2366 esse
216 2300 302 2377 iilud,
321 2301 407 2382 qued
422 2298 565 2374 diximus,
591 2310 698 2382 aptum
714 2299 950 2384 perlectumque
965 2311 1106 2366 cernunt.
1206 2347 1208 2356 <

134 2403 246 2486 Itaque
261 2403 302 2468 illi
316 2415 447 2479 veteres,
462 2403 542 2466 sicut
557 2403 649 2468 hodie
665 2403 760 2466 etiarn
775 2403 940 2468 nonnullos
957 2403 1107 2482 videmus,

134 2509 205 2576 erim
227 2505 390 2570 circuitum
405 2516 438 2570 et
452 2507 540 2588 quasi
555 2506 664 2570 orbem
689 2506 854 2572 verborum
869 2507 1026 2572 conficere
1040 2527 1106 2572 non

134 2619 272 2694 possent,
288 2609 377 2692 (nam
391 2610 420 2675 id
434 2609 558 2691 quidem
571 2629 669 2693 nuper
680 2610 729 2682 vel
743 2631 835 2694 posse
850 2611 898 2676 vel
919 2612 1034 2676 audere
1045 2633 1107 2676 coe-
1207 2601 1208 2640 l

135 2713 261 2800 pimus)
277 2725 376 2791 terna,
391 2725 445 2778 nut
457 2713 541 2790 bina,
553 2723 607 2776 aut
619 2713 758 2778 nonnulli
766 2713 889 2800 singula
903 2714 999 2779 etiarn
1011 2712 1104 2780 verba

136 2819 303 2884 dicebant:
325 2817 389 2902 qui,
408 2817 439 2880 in
454 2815 504 2882 itta
519 2815 648 2882 infantia
662 2818 808 2896 naturali,
829 2817 901 2883 illud
917 2819 1001 2900 quod
1017 2838 1106 2884 aures
1124 2851 1131 2864 ·
1207 2881 1208 2884 ,

136 2923 298 2990 bominum
311 2921 509 3005 flagitabant,
524 2921 697 2986 tendebant
712 2933 830 2999 tamen,
844 2932 879 2986 ut
893 2933 926 2988 et
939 2919 992 2986 illa
1002 2935 1104 2988 essent
1207 2925 1208 2928 ’

137 3025 319 3110 pariaque
331 3023 482 3100 dicerent,
497 3034 529 3088 et
540 3024 710 3106 aequalibus
731 3023 1030 3110 interspirationibus
1042 3037 1105 3091 ute·

138 3141 252 3212 [entur.

180 3232 249 3302 LII.
273 3230 411 3317 Exposui
426 3231 499 3309 iere,
514 3244 548 3297 ut
563 3233 661 3318 potui,
675 3251 746 3315 quae
760 3232 893 3300 maxime
907 3235 948 3300 ad
962 3245 1102 3300 ornatum

139 3337 288 3402 orationis
297 3336 451 3421 pertinere
463 3337 645 3404 arbitrabar.
687 3334 853 3403 Diripuinr
866 3323 1101 3426 desinguloruin

138 3440 232 3506 laude
246 3440 410 3506 vorborum
421 3455 436 3517 ς·
451 3440 513 3504 disi
535 3441 575 3504 de
590 3439 811 3524 conjunctione
836 3463 964 3520 noranta
985 3441 1046 3507 dixi
1063 3443 1102 3508 de

140 3563 270 3610 numero
285 3553 380 3625 atque
395 3542 502 3607 forma.
530 3534 622 3618 Sed,
642 3542 668 3608 si
682 3541 822 3613 babitum
839 3545 987 3612 orationis
1001 3546 1101 3623 etiam,

140 3659 173 3712 et
187 3645 275 3731 quasi
297 3645 434 3724 colorem
449 3644 595 3733 aliquem,
618 3644 780 3734 requiritis,
799 3657 895 3712 estet
917 3647 1013 3732 plena
1026 3669 1100 3740 quas
1197 3641 1208 3678 ³³
