2466 3966
137 101 155 158 8
262 150 269 162 ,
358 113 405 172 Ιιιι
428 110 582 154 aaaron
607 107 706 152 araus
730 105 912 150 sucunnus.
975 159 978 165 ¹

140 270 153 351 t
195 257 270 332 dine
286 256 450 372 Winstedt
494 205 740 357 erdrpr'autem,
763 251 794 314 in
810 270 874 331 quo
896 245 1016 331 quidm
1032 267 1158 330 perso·

25 339 52 396 ί(
70 285 138 458 fh*
190 331 293 435 ,elin
308 335 481 422 constituta
496 372 529 462 'i
539 352 571 420 'et
583 343 713 418 de'finirt
726 363 939 434 quoereretum
960 350 1155 433 cujusmodi

138 471 222 537 sunt,
234 481 306 544 quaa
321 460 352 524 in
362 459 443 536 foro,
472 469 570 538 atque
585 457 616 519 iu
632 456 748 519 civium
772 451 877 518 causis
900 451 1154 534 disceptationi·

138 564 442 643 busqueversantur.
466 559 516 622 Ea
529 557 604 622 milri
621 557 828 620 videaturaut
840 554 938 640 inlite
950 552 1151 628 ordinanda,

139 661 386 730 autineousilio
401 661 510 724 dando
536 679 606 724 esse
633 657 757 740 posita:
803 677 878 719 nam
903 656 977 718 illud
1002 656 1149 730 tertium,

136 767 222 847 quod
236 775 268 830 et
280 763 559 829 aCrassotautum
572 771 630 834 est,
640 770 682 835 et,
698 769 732 821 ut
747 757 855 834 audio,
869 757 920 820 ille
937 758 1003 839 ipse
1019 757 1147 820 Aristo·

136 867 226 942 telas,
241 865 294 946 qui
310 865 380 928 haec
396 862 533 926 maximis
549 860 722 936 illustravit,
749 860 901 943 adjunxit,
915 859 1040 922 etiamsi
1055 879 1145 940 opus

32 1039 39 1068 Ι,
66 1042 70 1050 ¹
116 965 331 1070 ,estffl'tamen
352 964 519 1026 minimest
544 962 770 1026 necessarium.
821 961 1012 1031 Quidnaml
1035 962 1143 1042 inquit

19 1053 68 1156 ,¹¹¹
134 1059 288 1155 Catullum
310 1087 350 1130 an
367 1064 590 1130 laudationes?
614 1065 645 1128 id
662 1065 747 1128 enim
759 1063 853 1127 video
869 1063 945 1145 poni
958 1083 1059 1146 genus
1075 1073 1141 1126 ter-

123 1153 224 1234 ¹tium.

178 1272 237 1335 XI.
260 1272 322 1348 Ita,
341 1270 443 1353 inquit
458 1269 627 1345 Antonius,
643 1280 676 1332 et
691 1269 721 1331 in
738 1288 778 1332 ao
794 1268 923 1350 quidem
939 1289 1057 1351 genere
1068 1271 1141 1334 scio

87 1367 93 1380 ’
136 1387 169 1442 et
182 1397 246 1451 me,
257 1385 290 1438 et
305 1395 429 1449 omues,
441 1373 494 1454 qui
510 1372 678 1447 affuerunt,
690 1370 868 1434 delectatos
883 1392 953 1433 esse
968 1373 1140 1436 veliemen-

133 1492 192 1554 ter,
220 1481 295 1540 edm
311 1475 369 1539 abs
385 1485 417 1538 te
429 1484 479 1538 est
499 1473 634 1557 Popilia,
655 1485 757 1536 mater
772 1483 887 1548 vestra,
911 1473 1062 1549 laudata;
1083 1477 1143 1538 cui

133 1581 270 1661 primum
283 1577 403 1640 mulieri
414 1576 499 1638 hunc
510 1575 665 1638 honorem
676 1574 706 1636 in
720 1573 827 1637 nostrd
839 1575 966 1638 civitate
983 1576 1135 1640 tributum

103 1692 106 1701 '
132 1691 230 1763 puto:
252 1679 309 1742 sed
335 1698 400 1740 non
423 1677 542 1750 omnia,
568 1695 768 1756 quascunque
796 1675 963 1758 loquimur,
991 1679 1065 1740 milri
1091 1680 1136 1742 vi-

133 1782 249 1844 dentur
265 1779 306 1842 ad
323 1788 424 1841 artem
440 1788 472 1840 et
489 1778 529 1838 ad
546 1787 710 1859 praecepta
725 1798 794 1840 esse
805 1781 997 1842 revocanda.
1022 1780 1070 1842 Ex
1086 1780 1135 1844 liis

38 1944 42 1952 ,
133 1883 217 1947 enim
242 1879 391 1954 fontibus,
415 1879 500 1942 unde
530 1879 640 1942 omnia
669 1882 781 1944 ornate
811 1880 938 1944 dicendi
970 1895 1135 1965 praeuepta

133 1977 310 2057 sumuntur,
336 1981 443 2044 licebit
455 1980 553 2044 etiam
569 1979 786 2044 laudationem
805 2004 931 2058 ornare,
950 2003 1057 2064 neque
1081 1985 1136 2050 illu

132 2087 295 2152 elementa
310 2084 511 2157 desiderare3
540 2103 612 2165 quoe
627 2095 661 2146 ut
677 2105 773 2146 nemo
789 2085 906 2159 tradat,
922 2086 991 2167 quis
1006 2097 1064 2161 est,
1079 2089 1136 2169 qui

133 2189 267 2262 nesciat,
293 2206 365 2266 quae
378 2185 439 2248 sint
466 2184 496 2248 in
513 2185 642 2248 homine
658 2184 844 2248 laudanda?
869 2187 982 2249 Positis
999 2189 1084 2250 enim
1098 2189 1135 2252 iis

132 2291 227 2356 rebus
246 2309 325 2370 quas
340 2288 474 2350 Crassus
489 2288 519 2350 in
537 2286 615 2350 illins
636 2287 789 2376 orationis
801 2309 878 2362 suae,
908 2309 1006 2369 quam
1021 2301 1136 2355 contra

134 2391 293 2478 collegam
309 2410 423 2452 censor
439 2388 560 2462 habuit,
583 2389 738 2471 principio
753 2389 841 2464 dixit,
860 2389 943 2462 Quae
955 2393 1135 2456 naturdaut

73 2530 78 2536 ·
124 2493 262 2588 fortunii
284 2490 439 2552 darentur
461 2489 646 2564 nominibus,
672 2489 704 2552 in
721 2489 760 2554 iis
775 2490 868 2556 rebus
893 2515 927 2556 se
943 2493 1025 2556 uirrci
1035 2517 1135 2577 posse
1189 2571 1196 2578 ν

22 2659 23 2662 ,
135 2594 240 2658 urrimo
255 2613 346 2675 aequo
359 2591 452 2673 pati:
475 2612 547 2673 quie
558 2590 621 2673 ipsi
635 2590 698 2654 sibi
707 2593 845 2656 domines
859 2616 979 2676 parare
989 2585 1135 2678 possent,

133 2698 165 2760 in
180 2696 220 2758 iis
235 2693 328 2758 rebus
339 2714 373 2756 se
383 2693 458 2778 pati
468 2693 551 2759 uinci
565 2715 626 2756 non
637 2715 735 2776 posse
744 2719 757 2775 ,·
781 2697 833 2775 qui
857 2697 1001 2760 laudabit
1025 2688 1135 2778 quem.-

49 2818 52 2824 ·
134 2799 232 2882 piam,
250 2796 414 2880 intelliget,
429 2797 621 2880 exponenda
636 2797 695 2860 sibi
710 2819 779 2861 esse
795 2799 930 2862 sortunae
942 2800 1038 2864 bona.
1084 2803 1133 2868 Ea

133 2912 217 2977 suut,
231 2901 367 2983 generis,
382 2900 537 2982 pecuniae,
554 2901 814 2984 propinquorum,
826 2904 1013 2978 eminemus,
1023 2925 1134 2987 opum,

132 3002 331 3076 valetudinis,
359 3001 481 3077 formae,
505 3002 628 3079 virium,
655 3003 783 3086 ingenii,
810 3014 1061 3088 caeterarumque
1086 3029 1133 3072 re·

133 3124 213 3178 rum,
228 3123 300 3184 quae
315 3114 388 3166 sunt
404 3105 625 3186 autumnans,
648 3117 703 3168 aut
718 3118 897 3168 extraneae:
917 3109 961 3176 ,si
977 3101 1134 3187 habuerit,
1190 3103 1194 3114 ’

134 3207 217 3273 bene
233 3205 279 3268 his
292 3223 401 3268 usum:
434 3206 458 3268 si
476 3227 539 3270 non
557 3207 713 3283 habuerit,
738 3208 899 3290 sapienter
918 3211 1076 3276 caruisse:
1098 3217 1133 3282 ¹ai

82 3356 89 3364 .
134 3306 284 3382 amiserit,
310 3307 473 3376 moderate
504 3308 620 3372 tulisse.
659 3309 795 3385 Deinde,
821 3312 1075 3398 quidsapienter
1094 3316 1133 3392 is,

131 3429 229 3490 quem
253 3409 373 3485 laudet,
387 3409 463 3491 quid
490 3409 670 3488 liberaliter,
699 3413 775 3492 quid
791 3413 922 3492 fortiter,
948 3417 1023 3496 quid
1034 3417 1130 3499 juste,

134 3510 209 3634 quid
226 3511 406 3596 magnifieri,
431 3511 506 3592 quid
523 3512 584 3595 pie,
605 3513 681 3595 quid
708 3519 810 3597 grate,
839 3518 913 3596 quid
941 3518 1132 3596 humaniter,
