2400 3980
376 518 409 560 Ι.
432 515 545 560 ‘ruam
569 514 749 558 CICERONI-‘r'

316 713 403 786 DE
445 711 789 788 ORATORE

397 943 502 993 LIBER
518 943 713 993 SECUNDUS.

458 1180 638 1190 ...η’-

457 1193 637 1204 .-.----

76 1279 103 1358 ld
149 1301 270 1360 ''W-'r
349 1324 354 1335 ¹
399 1323 405 1339 '
546 1305 594 1360 [τε
621 1332 641 1362 ⁴r
907 1331 913 1338 ·

98 1384 122 1447 l.
159 1382 285 1446 Macar
311 1379 404 1444 nobis
427 1376 692 1462 pueris,·Quinte
718 1375 824 1451 frater,
850 1375 876 1440 si
902 1376 1058 1441 memoria

56 1497 157 1562 tenes,
167 1485 276 1570 opinio
285 1483 353 1559 fuit,
363 1483 400 1546 L.
413 1475 564 1546 Crassum
575 1502 640 1543 non
653 1479 722 1563 plus
735 1478 876 1564 attigisse
889 1479 1057 1572 doctrinae,
1195 1561 1198 1568 ,

55 1590 152 1670 quam
166 1599 321 1668 quantum
337 1585 436 1668 prima
451 1583 503 1646 ius
526 1584 636 1666 puerili
662 1581 858 1646 institutione
882 1574 1055 1666 potuisset}
1103 1575 1105 1580 ’
1197 1583 1198 1594 ’

55 1689 103 1752 Μ.
120 1701 227 1778 autem
244 1685 419 1750 Antonium
434 1685 565 1748 omnino
578 1685 680 1748 omnis
696 1683 878 1751 eruditionis
890 1695 1056 1768 expertem

56 1799 153 1872 atque
170 1787 316 1872 ignarum
343 1785 455 1849 fuisse:
479 1795 633 1866 erantque
655 1785 755 1860 multi,
780 1784 844 1866 qui,
870 1805 1056 1866 quanquam

55 1889 183 1955 nonita
209 1910 279 1954 sese
294 1907 362 1952 rem
378 1887 497 1951 babere
521 1886 758 1962 arbitrarentur,
785 1898 905 1964 tamen,
931 1890 995 1970 qud
1010 1889 1057 1952 sa·
1104 1956 1128 1976 ⁶

55 1993 146 2058 cilius
162 2013 221 2056 nos
232 1991 380 2056 incensos
392 1989 497 2055 studio
512 1988 672 2053 dicendia
688 1988 832 2053 doctrind
847 1992 1056 2068 deterrerent,

56 2095 191 2160 libenter
206 2094 250 2171 id,
275 2094 360 2175 quod
376 2091 451 2168 dixi,
477 2093 518 2156 de
533 2091 592 2156 illis
608 2083 794 2156 'oratoribus
821 2091 1056 2174 praedicarent,

56 2209 100 2274 ut,
126 2197 152 2262 'si
179 2197 323 2262 homines
339 2213 403 2260 non
419 2195 534 2260 eruditi
548 2215 707 2260 summam
721 2207 827 2258 essent
852 2196 1054 2276 prudentiam

57 2311 153 2383 atque
166 2299 385 2365 incredibilem
403 2297 619 2380 eloquentiam
634 2298 808 2374 consecuti,
833 2298 935 2362 inanis
951 2301 1055 2366 omnis

55 2414 164 2466 noster
179 2423 249 2465 esse
264 2401 366 2476 labor,
392 2411 425 2464 et
440 2401 579 2476 stultum,
594 2399 626 2462 in
643 2399 733 2463 nobis
749 2400 940 2478 erudiendis,
956 2401 1055 2489 patris

44 2491 166 2578 'nostri
192 2502 303 2584 optimi
320 2523 359 2566 ac
375 2501 610 2584 prudentissimi
629 2501 695 2577 viri,
721 2502 859 2595 studium
884 2504 1053 2568 videretur.

56 2606 150 2677 Quos
166 2618 244 2680 tum,
259 2616 293 2667 ut
309 2603 407 2688 pueri,
431 2605 567 2668 refutare
583 2596 767 2668 domesticis
782 2597 925 2684 testib'u't,
951 2619 1055 2690 patre,

55 2721 89 2798 et
105 2709 143 2773 C.
160 2707 335 2782 Aculeone,
360 2707 539 2790 propinquo
558 2718 676 2783 nostro,
702 2719 734 2770 et
750 2708 787 2771 L.
804 2709 972 2786 Cicerone,
999 2730 1055 2793 pa·

55 2809 137 2886 truo,
149 2809 342 2884 solebamus,
357 2809 499 2890 quddde
513 2809 629 2873 Crasso
646 2821 748 2892 pater,
763 2822 796 2874 et
811 2811 946 2887 Aculeo,
962 2814 1054 2894 (quo-

56 2931 131 2976 cum
146 2924 216 2976 erat
227 2923 336 2975 nostra
351 2915 548 2995 matertera)
561 2931 657 2992 quem
667 2912 801 2976 Crassus
813 2912 922 2978 dilexit
933 2935 974 2978 ex
987 2935 1054 2978 om·

44 3013 149 3078 nibus
166 3013 344 3096 plurimum,
360 3024 392 3077 et
407 3025 547 3097 patruus,
557 3014 610 3096 qui
622 3035 696 3079 cum
708 3014 849 3106 Antonio
861 3015 893 3079 in
906 3015 1054 3080 Ciliciam
1123 3069 1131 3087 ,

56 3115 219 3198 profectus
234 3113 297 3177 und
311 3115 504 3192 decesserat,
516 3117 773 3181 multanobisde
785 3119 966 3202 ejusstudio
977 3120 1054 3196 doc-

57 3216 201 3298 trinaque
227 3219 312 3299 saepir
328 3217 485 3280 narravit:
508 3222 645 3301 cumque
672 3241 730 3282 nos
754 3237 829 3306 curn
854 3200 1074 3287 consobrinis
1161 3244 1165 3250 ·
1199 3202 1200 3207 ἵ

56 3321 182 3396 nostris,
200 3320 373 3386 Aculeonis
388 3319 469 3395 filiis,
495 3333 528 3384 et
553 3343 594 3385 ea
617 3321 825 3446 disceremus,
848 3309 923 3407 quai
936 3323 1059 3389 Crasso

55 3424 232 3506 placerent,
248 3433 279 3488 at
295 3423 336 3488 ab
353 3421 400 3486 bis
415 3423 610 3500 doctoribus,
625 3425 737 3506 quibus
753 3425 804 3490 ille
820 3391 1054 3502 ulalatutssru·

57 3525 205 3602 diremur,
231 3509 330 3591 etiam
344 3524 419 3588 illud
435 3529 520 3608 saepe
535 3526 745 3592 intelleximus
772 3531 860 3611 (curn
879 3530 1052 3616 [essemus]
1110 3533 1116 3536 “
