2466 3966
149 169 209 225 170
379 173 421 216 nn
439 168 707 221 onnronaurasn
724 163 904 208 sscurnus.

47 305 51 312 ι
145 326 224 411 pori,
239 320 436 388 nonhabent
449 319 526 381 inse
539 311 785 378 verarnlaudem
798 337 806 385 ;
828 329 900 393 quae
911 309 1020 376 deberi
1032 309 1134 373 virtuti
1224 365 1225 368 ,

79 471 86 484 =
144 429 199 492 uui
210 436 353 511 putatur:
376 423 432 516 sed
445 432 564 493 tamen,
580 416 666 499 quud
677 415 747 496 ipsa
758 413 854 477 virtus
866 414 896 475 in
909 433 1018 475 earum
1033 433 1134 476 rerum
1222 493 1225 508 Ι

145 552 204 596 usu
220 551 258 592 ac
275 525 494 590 moderatione
515 519 651 582 maxime
674 516 822 590 cernitur,
844 515 1016 578 tractanda
1038 516 1134 578 etiam

145 635 176 697 in
192 629 425 695 laudationibus
440 625 510 688 haeo
526 630 598 684 sunt
620 629 743 681 naturae
765 627 798 680 et
820 616 955 679 fortunae
977 617 1082 691 bona3
1103 619 1134 682 in

144 737 257 818 quibus
271 744 319 797 est
330 740 456 794 summa
467 725 546 797 laus,
560 742 624 785 nou
637 721 783 784 extulisse
796 740 829 784 se
842 720 872 782 in
882 727 1055 802 potestate,
1070 741 1134 784 uon
1221 749 1225 778 r

145 839 239 901 fuisse
251 833 440 897 insolentem
452 826 482 888 in
496 821 640 907 pecunia,
655 844 718 885 non
731 843 765 886 se
778 821 952 904 praetulisse
965 821 1031 885 aliis
1044 843 1136 906 pron

143 951 192 1004 ter
208 931 437 1000 abundantiam
453 928 608 1001 fortuna,
624 935 664 987 ut
680 945 757 1006 opes
772 935 805 986 et
820 921 923 1006 copiae
946 944 1010 986 non
1031 944 1136 1006 super-

123 1027 125 1032 ¹
143 1040 205 1103 biae
217 1037 383 1099 videantur
395 1051 434 1094 ao
445 1027 577 1104 libidini,
592 1028 646 1090 sed
660 1025 795 1090 bonitati
807 1045 846 1088 ao
859 1024 1081 1102 moderationi,
1091 1026 1137 1089 sa-

115 1169 117 1176 ·
143 1139 296 1204 cultatem
313 1146 345 1199 et
360 1131 526 1196 materiam
547 1130 682 1193 dedisse.
727 1127 832 1190 Virtus
854 1138 972 1203 autem,
995 1147 1066 1209 quae
1088 1140 1138 1192 est

142 1263 200 1326 per
214 1261 249 1304 se
263 1239 332 1321 ipsa
347 1233 525 1309 laudabilis,
540 1243 573 1296 et
588 1232 654 1296 sine
666 1229 728 1312 qual
739 1229 812 1292 nihil
825 1229 947 1292 laudari
959 1239 1076 1312 potest,
1090 1241 1138 1295 ta-

142 1365 216 1410 men
229 1333 572 1424 habetplurespartes3
594 1350 726 1416 quarum
737 1331 799 1394 alia
808 1342 857 1394 est
866 1331 907 1394 ad
917 1330 1137 1396 laudationem
1224 1329 1225 1346 ¹

142 1447 256 1531 aptior.
301 1444 385 1506 Sunt
400 1440 484 1505 enim
500 1437 570 1501 aliae
586 1438 723 1510 virtutes,
743 1454 815 1516 quae
830 1432 976 1497 videntur
997 1433 1027 1496 in
1044 1437 1139 1499 mori·
1224 1517 1225 1528 ἵ

140 1551 200 1612 bus
211 1546 387 1620 hominum,
402 1553 435 1608 et
450 1541 587 1623 quddam
602 1539 755 1602 comitate
768 1558 808 1601 ac
819 1537 1043 1615 beneficentifi,
1054 1543 1139 1624 posi·
1224 1529 1225 1538 ¹

141 1661 198 1724 tte,
221 1649 301 1722 aliae,
317 1665 388 1728 quae
402 1646 433 1708 in
446 1642 563 1725 ingenii
577 1640 681 1720 aliqud
692 1639 856 1715 facultate,
872 1651 926 1702 aut
939 1642 1034 1705 animi
1046 1663 1139 1728 mag·

140 1733 283 1814 nitudine
296 1769 335 1811 ac
347 1747 470 1810 robore.
511 1745 597 1806 Nam
609 1741 792 1817 clementia,
799 1741 931 1825 justitia,
943 1744 1138 1828 benignitaS,

139 1852 229 1926 lides,
245 1849 395 1913 fortitudo
410 1847 442 1910 in
458 1843 603 1928 periculis
619 1841 852 1920 communibus,
865 1843 1006 1927 jucunda
1020 1858 1069 1910 est
1081 1867 1139 1912 au·
1224 1879 1225 1884 κ

139 1956 207 2018 ditu
222 1953 253 2017 in
269 1949 525 2022 laudationibus,
547 1967 658 2009 omnes
674 1945 758 2010 euim
773 1945 824 2008 hae
839 1945 967 2010 virtutes
982 1969 1046 2011 non
1066 1959 1138 2014 tam

140 2057 214 2141 ipsis
228 2054 282 2138 qui
297 2072 353 2118 eas
368 2054 399 2116 in
416 2073 450 2116 se
466 2050 596 2123 habent,
617 2051 712 2131 qud-m
733 2047 843 2131 generi
864 2048 1039 2126 hominum,
1055 2053 1140 2118 fruc·

138 2172 240 2224 tuosae
253 2168 411 2242 putantur.
457 2153 625 2236 Sapientia
634 2162 666 2214 et
679 2151 867 2234 magnitudo
878 2153 984 2228 animi,
996 2154 1058 2234 qud
1068 2175 1140 2218 om·
1223 2223 1224 2230 χ

138 2283 195 2326 nes
210 2281 260 2325 res
275 2260 425 2323 humanas
441 2249 552 2320 lenires
568 2265 600 2318 et
616 2275 673 2336 pro
688 2253 785 2315 nihilo
800 2263 971 2336 putantum
993 2266 1025 2318 et
1039 2257 1070 2318 in
1083 2277 1140 2321 ex·
1223 2281 1224 2300 ¹

137 2361 314 2446 cogitando
326 2360 371 2422 vis
386 2355 536 2440 quaedam
551 2355 679 2440 ingenii,
694 2366 727 2418 et
742 2355 812 2438 ipsa
827 2355 1141 2438 eloquentiaadmi·

138 2463 268 2528 rationis
280 2461 379 2523 habet
390 2481 454 2523 non
467 2459 580 2533 minus,
591 2458 798 2541 jucunditatis
810 2457 928 2522 minus:
951 2459 1035 2542 ipos
1048 2461 1140 2524 enirn

139 2565 243 2648 magis
254 2563 388 2636 videtur,
400 2581 479 2643 quos
490 2559 668 2638 laudamus,
679 2562 776 2642 quam
788 2561 865 2636 illos,
881 2563 965 2644 apud
977 2582 1057 2642 quos
1069 2563 1140 2626 lau·

137 2669 262 2742 damus,
272 2648 385 2729 ornare
396 2683 436 2726 ao
445 2663 533 2726 tueri.
572 2663 636 2724 Sed
649 2674 768 2738 tamen,
779 2663 808 2726 in
819 2663 991 2740 laudando,
1000 2667 1140 2749 jungen-

138 2770 180 2834 da
196 2780 269 2838 sunt
284 2767 381 2831 etiarn
403 2765 473 2828 haec
496 2759 615 2847 genera
630 2763 798 2828 virtutum:
822 2765 924 2828 lerunt
940 2768 1025 2829 enim
1041 2787 1140 2834 aures

137 2872 313 2945 hominum,
333 2872 407 2932 crim
418 2867 470 2930 illa
482 2885 554 2948 quae
562 2867 705 2950 jucunda
716 2879 748 2931 et
762 2879 865 2951 grata,
883 2880 949 2929 tum
964 2869 1062 2932 etiam
1079 2871 1140 2936 illa
1205 2895 1223 2954 J

137 2993 210 3053 quae
226 2971 381 3034 mirabilia
397 2969 514 3032 suntin
530 2969 653 3044 virtute,
668 2969 800 3033 laudari.

180 3073 348 3138 LXXXV.
372 3072 425 3146 Et,
436 3059 588 3152 quoniam
602 3070 950 3155 singularumvirtutum
960 3083 1033 3136 sunt
1042 3085 1140 3140 certa

132 3176 286 3257 quaedam
298 3173 405 3238 officia
417 3194 455 3237 ao
468 3194 611 3248 munera,
627 3185 659 3236 et
671 3194 729 3234 sua
740 3172 853 3254 cuique
865 3173 970 3237 virtuti
981 3175 1050 3240 laus
1062 3197 1140 3260 pro·
1222 3193 1223 3206 ¹

136 3277 359 3358 priadebetur,
371 3274 664 3357 eritexplieondum
675 3276 705 3336 in
716 3273 811 3338 laude
818 3275 958 3359 justitiae,
969 3280 1044 3361 quid
1055 3299 1136 3344 oum

136 3377 209 3454 lide,
231 3370 307 3460 quid
328 3377 651 3459 oumaequabilitate,
674 3377 748 3456 quid
764 3399 837 3442 cum
853 3379 1008 3463 ejusmodi
1024 3381 1138 3463 aliquo

135 3477 253 3554 officio,
263 3479 299 3553 is,
309 3478 362 3559 qui
374 3478 565 3552 laudabitur,
575 3479 693 3542 lecerit.
723 3479 923 3563 Itemque,in
936 3482 1070 3558 caeteris,
1083 3506 1139 3549 res
1221 3469 1223 3478 ,

88 3619 90 3624 .
135 3591 235 3664 gestae
250 3579 292 3644 ad
308 3571 458 3663 cujusque
476 3580 594 3643 virtutis
613 3601 726 3664 genus,
746 3593 778 3646 et
794 3583 867 3658 vim,
887 3596 919 3648 et
935 3605 1064 3660 nomen,
1080 3605 1139 3652 ao-
