2466 3966
418 468 450 508 Μ.
469 465 579 508 TULLII
600 463 776 506 crcnnouts

412 598 791 736 on'onnsonn

363 857 366 864 ⁴
462 851 567 901 erasa
583 823 741 900 renerus.

86 1059 182 1167 ,sah
194 1058 412 1121 Iusrrrusurr
430 1056 515 1131 mihi,
542 1055 667 1126 Quinte
692 1054 799 1129 frater,
815 1073 887 1117 eum
915 1071 1098 1114 sermonem

18 1091 231 1234 larem,
242 1169 274 1225 et
290 1159 443 1222 mandare
459 1158 532 1221 huic
544 1158 637 1221 tertio
652 1157 743 1233 libro,
758 1176 864 1236 quem,
879 1165 952 1238 post
967 1152 1100 1215 Antonii

50 1315 60 1340 ,
104 1262 363 1344 disputationem,
385 1261 517 1324 Crassus
533 1260 705 1335 habuisset,
720 1257 840 1322 acerba
859 1259 936 1320 sane
952 1255 1101 1319 recorda·

104 1365 149 1427 tio
160 1375 299 1428 veterem
312 1365 409 1428 animi
422 1384 531 1426 curam
547 1362 789 1443 molestiamque
801 1359 977 1424 renovavit.
1011 1356 1043 1419 N
1046 1377 1100 1418 arn

104 1465 179 1529 illud
191 1465 428 1530 immortalitate
443 1466 575 1549 dignum
592 1463 766 1548 ingenium,
781 1462 834 1526 illa
847 1449 1102 1534 humanitas,illa

105 1569 200 1632 virtus
213 1569 249 1632 L.
274 1568 392 1644 Crassi,
418 1580 520 1631 morte
541 1567 699 1632 exstincta
721 1563 823 1628 subita
838 1573 897 1639 est,
917 1562 966 1625 vix
987 1559 1100 1624 diebus

105 1670 220 1733 decern
236 1681 308 1753 post
324 1691 397 1756 eum
424 1671 520 1746 diem,
536 1669 588 1749 qui
603 1669 665 1732 hoc
681 1678 714 1732 et
729 1666 889 1750 superiore
904 1665 984 1727 libro
1000 1662 1101 1726 conti·

18 1811 20 1814 -
106 1783 208 1836 netur.
253 1769 297 1835 Ut
308 1772 392 1835 enim
410 1771 551 1835 Romam
566 1771 658 1834 rediit
673 1781 816 1834 extremo
838 1763 1040 1847 scenicorum
1056 1763 1100 1828 lu·

106 1873 218 1936 dorum
229 1873 292 1949 die,
308 1865 513 1938 vehementer
528 1886 710 1937 commotus
726 1871 764 1936 eri
775 1867 1101 1949 oratione,quaefere·
1193 1887 1195 1890 ·
1213 1947 1214 1958 ἵ

18 2003 26 2008 ’
61 2050 65 2054 .
105 1974 199 2037 batur
215 1975 326 2064 habita
340 1997 409 2039 esse
429 1976 461 2038 in
477 1975 666 2040 concionea
687 1973 850 2057 Philipp03
872 1992 968 2054 quem
984 1969 1100 2032 dixisse

58 2151 61 2158 Ι
105 2077 287 2152 constabat,
302 2077 467 2140 videndum
477 2077 537 2142 sibi
551 2077 719 2157 aliudesse
731 2075 894 2138 eonsilium
903 2096 916 2154 ,·
938 2073 993 2136 illo
1010 2092 1102 2170 sena·

29 2218 32 2228 ,
106 2190 139 2239 tu
153 2199 187 2242 se
207 2178 428 2262 rempublicam
438 2201 554 2262 gerere
563 2201 625 2242 non
632 2201 755 2262 porse5
778 2180 883 2254 mane,
906 2175 1009 2239 idibus
1022 2176 1102 2258 Sep·

105 2281 247 2356 tembris,
261 2291 293 2344 et
309 2280 359 2344 ille
384 2293 416 2344 et
431 2293 560 2346 senatus
575 2281 733 2364 frequens,
748 2290 865 2343 vocatu
881 2278 985 2355 Drusi,
1000 2278 1031 2341 in
1048 2299 1102 2342 cu·

106 2381 184 2443 riam
197 2381 293 2444 verrit.
337 2381 386 2445 lbi
401 2386 476 2446 erim
491 2383 611 2446 Drusus
623 2383 727 2456 ¹multa
743 2382 784 2446 de
800 2381 946 2465 Philippo
971 2391 1102 2462 questus

106 2493 200 2558 esset,
212 2483 316 2545 retulit
332 2484 373 2546 ad
388 2495 535 2547 senatum
548 2485 589 2547 de
599 2484 651 2547 illo
667 2485 747 2567 ipso,
759 2483 844 2565 quod
861 2482 971 2548 consul
983 2483 1013 2545 in
1027 2502 1102 2547 eum

70 2648 72 2653 ,
106 2584 250 2647 ordinem
267 2595 333 2648 tarn
349 2586 487 2668 graviter
509 2586 540 2648 in
557 2585 714 2650 concione
728 2596 812 2649 esset
827 2586 979 2670 invectus.
1024 2583 1102 2661 ch,
1156 2619 1161 2629 ·
1213 2599 1214 2614 ¹

107 2697 161 2750 ut
151 2688 235 2771 saepe
245 2687 324 2750 inter
336 2688 479 2754 homines
491 2689 740 2771 sapientissimos
755 2698 903 2752 constare
914 2686 987 2764 vidi,
1003 2707 1102 2768 quan·

106 2808 203 2869 quam
216 2790 279 2854 hoc
289 2790 460 2868 Cressa,
426 2813 498 2855 cum
510 2791 627 2873 aliquid
638 2791 817 2856 accuratius
828 2791 956 2853 dixisset
958 2811 1102 2873 ,semper

106 2889 174 2954 fare
197 2893 392 2976 contigisset,
418 2905 453 2957 ut
468 2915 630 2975 nunquam
658 2894 772 2958 dixisse
800 2893 910 2956 melius
926 2903 1102 2976 putaretur,

107 3003 217 3056 tamen
234 2995 374 3058 omniurn
388 3017 547 3061 consensu
561 2997 607 3062 sio
623 3008 770 3062 assatum
782 2996 961 3080 judicatum
986 2996 1103 3073 audivi,
1176 2989 1179 2996 ’

56 3109 59 3114 ·
108 3104 277 3158 caeterosa
303 3095 419 3160 Crasso
435 3119 560 3183 semper
585 3121 706 3175 omnes,
733 3098 785 3160 illo
801 3108 909 3161 autem
936 3099 988 3162 dia
1003 3098 1102 3162 etiarn

106 3197 209 3278 ipsum
226 3217 326 3262 asese
338 3211 532 3290 superatum.
577 3200 763 3283 Deploravit
778 3201 863 3264 enim
876 3221 988 3264 casum
1004 3211 1101 3281 atque

18 3357 20 3362 .
106 3297 276 3364 orbitatem
304 3301 560 3388 senaulsz'oujus
587 3302 740 3367 ordinisa
765 3301 906 3378 consule,
929 3303 982 3385 qui
1009 3304 1102 3384 quasi

108 3419 222 3482 parens
237 3400 340 3465 bonus
366 3415 421 3466 aut
436 3413 519 3468 tutor
535 3405 635 3468 fidelis
650 3425 720 3468 esse
733 3405 875 3481 deberet,
891 3415 1044 3487 tanquam
1058 3404 1101 3468 ab

107 3500 214 3586 aliquo
228 3505 349 3581 nefario
365 3506 527 3589 praedone,
547 3505 732 3592 diriperetur
759 3507 984 3592 patrimonium
1000 3506 1102 3594 digni·
