2400 3980
327 177 369 220 aa
392 174 541 220 carruae
564 179 669 247 araas*
682 179 831 223 aeruna
1009 160 1048 220 57

1 331 2 341 ’
93 343 149 388 uon
162 323 295 407 amplius
308 323 348 388 ab
360 346 484 408 quoque
493 325 531 389 sit
541 323 769 410 postulandum.
805 323 990 410 'Philosophi
999 311 1051 390 det

92 428 180 511 nique
195 428 299 510 ipsius,
313 429 365 510 qui
380 428 419 492 de
434 428 489 492 sual
499 430 527 491 vi
542 451 580 493 ac
591 427 741 513 sapientia
755 430 832 492 dnus
844 431 949 494 omnia
960 451 1051 514 paene

92 531 258 616 profitetur,
268 543 425 595 esttamen
435 533 578 614 quaedam
589 533 764 617 descriptio,
775 528 809 597 ut
820 533 855 608 is,
866 534 1052 615 quietudeat

93 635 227 699 omnium
244 657 344 699 rerum
359 636 529 701 divinarum
546 649 639 720 atque
655 637 860 701 humanarum
875 637 947 713 vim,
964 648 1052 702 natu·

93 761 166 817 ram,
180 759 353 821 causasque
368 739 467 817 misse,
482 753 514 804 et
528 763 653 807 omnem
669 743 751 806 bene
762 741 883 806 vivendi
899 741 1052 804 rationem

83 846 195 907 'tenere
217 853 250 907 et
271 842 422 927 persequi,
445 845 570 908 nomine
586 846 646 910 lroc
662 845 841 930 appelletur.
885 845 1051 908 Oratorem
1086 864 1090 872 ·

16 1006 19 1026 ,
94 960 206 1024 autem,
217 947 363 1029 quoniam
376 948 416 1011 de
425 969 464 1012 eo
473 949 646 1031 quaerimus,
657 949 801 1032 equidem
811 971 873 1013 non
886 940 968 1013 facio
980 969 1053 1012 eua-

94 1053 171 1128 dem,
187 1070 280 1135 quem
296 1049 444 1127 Crassus3
464 1053 516 1134 qui
531 1053 604 1116 mihi
618 1053 699 1117 visus
713 1063 761 1116 est
775 1075 900 1117 omnem
914 1052 1052 1117 omnium
1112 1066 1117 1074 '

93 1177 191 1220 rerum
204 1165 297 1239 atque
310 1155 421 1220 artium
432 1156 592 1220 scientiam
605 1155 869 1241 comprehendere
881 1144 943 1220 urio
953 1167 1054 1221 orato·

9 1277 17 1314 ι
93 1259 129 1324 ris
142 1259 248 1325 officio
260 1279 297 1322 ao
308 1259 451 1324 nomine:
475 1273 567 1343 atque
579 1283 649 1325 eum
662 1273 737 1344 puto
749 1283 827 1338 esse,
839 1263 889 1342 qui
902 1262 1000 1326 verbis
1013 1261 1054 1325 ad

92 1363 278 1430 audiendum
290 1363 433 1448 jucundis
448 1374 479 1427 et
493 1365 651 1428 sententiis
666 1364 706 1428 ad
721 1364 917 1448 probandum
930 1385 1054 1428 accom-

93 1467 224 1531 medatis
234 1467 277 1531 uti
285 1467 422 1551 possitis
432 1467 531 1532 causis
540 1467 710 1533 forensibu
721 1478 813 1550 atqua
822 1467 1053 1532 communibus:

10 1570 13 1595 '³
92 1569 1055 1656 huncegoappellooratorem‚eumqueessepraetereainstruc·

90 1685 156 1738 tum
170 1696 260 1752 voce,
282 1685 314 1739 et
329 1675 462 1753 actione,
484 1687 516 1741 et
530 1676 636 1760 lepore
651 1676 788 1760 quodam
802 1675 882 1740 volo.
926 1675 1055 1740 Crassus

91 1779 162 1844 vero
178 1778 252 1842 milri
267 1788 371 1844 noster
384 1779 465 1843 visus
480 1791 527 1844 est
545 1781 675 1844 oratoris
694 1779 875 1845 facultatem
894 1801 957 1843 non
977 1779 1055 1844 illius

14 1897 15 1900 ’
91 1884 163 1947 artis
178 1881 325 1958 terminis,
336 1882 390 1946 sed
405 1883 521 1967 ingenii
535 1883 581 1946 sui
595 1883 717 1961 finibus,
725 1883 882 1948 immensis
894 1904 994 1967 paene,
1004 1883 1056 1948 de·
1067 1873 1131 1986 a
1141 1967 1150 1976 „
1160 1930 1172 1979 f
1192 1969 1193 1974 ἵ

89 1987 239 2078 scrspere:
262 1979 335 2050 nam
346 1995 379 2050 et
389 1986 547 2051 civitatum
559 1987 766 2071 regendarum
778 1987 892 2051 oratori
903 1987 1056 2071 guberna·
1111 2021 1113 2028 ι

90 2091 161 2154 cula
172 2089 326 2155 sententia
336 2089 390 2154 sud
400 2091 540 2155 tradidit:
562 2091 593 2154 in
609 2112 671 2172 quo
684 2085 738 2174 per
749 2091 824 2154 mihi
837 2091 946 2153 mirum
958 2083 1056 2152 visum
1121 2175 1123 2183 Α

90 2208 147 2270 est,
168 2192 322 2270 Scaevola,
333 2203 371 2258 te
387 2195 447 2257 hoc
461 2193 501 2257 illi
517 2195 711 2269 concedere3
732 2196 803 2258 crim
819 2192 986 2276 saepissime
1001 2191 1058 2254 tibi
1079 2185 1081 2192 ’

90 2308 227 2374 senatus,
236 2296 367 2362 breviter
376 2297 575 2381 impoliteque
585 2297 711 2374 dicenti,
721 2296 860 2360 maximis
870 2295 908 2358 sit
917 2295 956 2366 de
967 2293 1058 2359 rebus
1104 2372 1108 2378 ·

5 2417 8 2430 ¹
90 2421 243 2467 assensus.
287 2399 331 2465 M.
347 2403 418 2465 verti
431 2401 685 2483 Scaurus‚'quem
696 2421 759 2464 non
771 2399 874 2484 lange,
889 2399 959 2475 ruri,
975 2398 1057 2482 apud
1075 2426 1076 2430 ¹

89 2527 134 2584 se,
154 2491 223 2570 esse
244 2506 347 2582 audio,
366 2505 409 2568 vir
428 2507 574 2590 regendae
594 2505 771 2589 reipublicae
785 2503 1015 2590 scientissimus,
1034 2502 1069 2566 si'

4 2673 7 2679 .
90 2609 234 2687 audierit,
245 2610 328 2674 hanc
340 2609 555 2674 auctoritatem
567 2611 725 2695 gravitatis
737 2619 769 2674 et
780 2608 898 2674 consilii
910 2608 956 2672 sui
966 2606 1061 2670 vindi·
1114 2622 1118 2627 ’

90 2713 156 2778 cari
170 2735 190 2776 a
201 2724 244 2789 te,
255 2711 377 2790 Crasse,
392 2712 474 2793 qudd
486 2733 556 2777 eam
568 2715 698 2778 oratoris
711 2713 867 2796 propriam
879 2733 947 2775 essa
958 2711 1062 2798 dicam

0 2841 1 2862 ι
82 2819 167 2902 jam,
186 2815 292 2893 credo,
309 2815 371 2880 huc
389 2816 504 2893 veniat,
523 2828 555 2880 et
575 2817 657 2881 hanc
677 2816 900 2898 loquacitatem
922 2824 1060 2877 nostram

91 2921 179 2985 vultu
193 2921 262 3004 ipso
278 2931 467 3004 aspectuque
486 2929 681 2984 conterreat:
704 2920 755 3001 qui
770 2939 948 3001 quanquam
969 2917 1061 2981 estin

88 3025 229 3118 dicendo
245 3024 370 3088 minime
384 3023 643 3100 contemnendae,
662 3022 824 3107 prudentia
838 3035 943 3086 tamen
960 3043 1062 3086 rerum

0 3171 1 3176 1
91 3149 281 3214 magnarum
295 3129 417 3212 imagis,
432 3129 528 3210 'quam
551 3129 771 3205 dicendane,
793 3127 907 3192 nititur.
951 3127 1071 3212 Neque,

89 3235 167 3298 vero
182 3233 206 3296 si
222 3233 288 3314 quis
302 3243 465 3317 utrumque
477 3241 591 3317 polest,
607 3240 660 3294 aut
671 3231 721 3295 ille
733 3231 851 3296 consilii
863 3229 979 3315 publici
993 3253 1064 3295 auc·

89 3349 142 3402 tor
157 3357 197 3402 ac
211 3346 337 3399 senator
351 3337 461 3415 bonus,
476 3337 517 3401 ob
532 3357 602 3401 eam
619 3334 717 3420 ipsam
734 3357 863 3399 causam
879 3347 983 3399 orator
999 3346 1065 3411 est;

92 3454 150 3505 aut
159 3442 210 3505 hic
220 3439 350 3503 disertus
359 3450 451 3524 atque
461 3440 652 3522 eloquens‚si
662 3451 709 3520 est
719 3440 838 3504 idemin
847 3438 1064 3521 procuratione
1136 3445 1138 3456 '

91 3544 227 3609 civitatis
237 3541 391 3625 egregius,
401 3543 484 3608 illam
495 3542 656 3608 scientiam
667 3543 790 3607 dicendi
801 3542 892 3625 copia
901 3553 947 3606 est
957 3559 1065 3606 conse·

1 3629 2 3636 ἵ
91 3659 201 3714 cutus:
224 3645 354 3711 multum
369 3645 494 3711 interae
508 3647 624 3711 distant
638 3649 704 3713 istae
724 3646 898 3721 sumitates,
911 3645 1066 3728 longeque
