2466 3966
119 87 178 148 161
337 102 382 148 nr
405 101 561 151 marona
585 101 686 146 arasa
710 99 895 146 saouuuas.

50 247 59 264 '
117 265 260 330 uuquam
275 247 490 326 mantum,
515 247 747 332 quodebena
761 247 869 331 eipso
891 267 957 330 quo
979 245 1142 333 uiuam*
1207 255 1219 334 ·}

117 350 220 432 quue
243 349 399 422 memoria
422 361 532 427 teneo,
546 353 622 416 cum
638 341 715 414 mibi
729 369 835 414 aarum
856 369 931 414 cnm
950 348 1021 419 boc
1047 349 1121 432 ipso
1148 415 1151 422 ,

118 451 245 528 Crasso,
261 452 367 518 multis
383 452 597 530 audientibus,
612 461 696 516 esset
719 453 761 516 de
780 463 813 516 te
836 446 1008 528 institutus,
1025 450 1121 516 crs·-
1203 521 1207 530 ,

117 575 234 638 susque
246 554 388 639 plurimis
407 556 511 620 verbis
526 555 744 638 eloquentium
758 555 905 620 laudaret
914 565 1016 630 tuam,
1026 553 1138 618 dixis.
1207 599 1210 604 -

117 678 152 736 se
178 677 242 734 me,
265 677 341 730 cum¹
365 658 489 723 crateris
513 658 574 722 tuis
600 658 752 749 laudibus
763 657 848 722 hanc
863 678 933 722 esse
958 657 1007 720 sel
1022 656 1122 718 maai·

118 779 217 838 mam,
232 761 319 843 qnod
334 781 399 826 non
412 759 526 836 solum,
540 761 625 841 quod
643 781 723 844 opus
737 770 833 837 esset,
847 760 982 846 diceres,
992 759 1050 822 sed
1065 757 1124 822 eti·

118 863 281 945 um,quod
298 883 363 933 non
384 881 465 946 opus
490 873 585 938 esset,
609 877 674 926 non
690 862 832 930 diceres:
854 873 923 926 tum
938 860 1026 927 ilium
1044 858 1122 922 mibi
1193 859 1195 864 '

119 965 313 1048 respondere
324 963 470 1028 memini:
494 975 613 1030 caetera
628 965 658 1028 in
672 976 703 1030 te
719 967 841 1028 summe
857 984 927 1031 esse
942 961 1125 1038 laudanda3

118 1067 193 1131 iliud
210 1067 286 1129 verti
300 1066 437 1150 improbi
452 1089 522 1132 esse
535 1068 672 1132 hominis
684 1079 718 1132 et
731 1066 903 1152 perfidiosi‚
914 1065 1021 1130 dicere
1033 1065 1122 1147 quod
1200 1052 1202 1059 ¹

120 1167 263 1232 alienum
277 1179 374 1244 esset,
398 1179 431 1232 et
457 1181 590 1234 noceret
615 1171 656 1248 ei,
677 1192 739 1254 pro
755 1191 819 1254 quo
834 1169 967 1259 quisque
981 1166 1124 1233 diceret:
1216 1217 1219 1244 Ι

120 1256 300 1356 quarenon
316 1270 375 1336 sibi
391 1293 464 1336 eum
481 1273 645 1350 disertum,
661 1275 714 1356 qui
730 1275 760 1337 id
777 1295 842 1339 non
863 1273 997 1348 iaceret,
1012 1269 1125 1348 videri,
1208 1269 1219 1346 J

120 1375 177 1440 sed
194 1375 386 1458 improbum,
398 1376 452 1458 qui
467 1375 598 1441 faceret.
644 1377 752 1453 Nunc,
764 1377 790 1439 si
802 1377 858 1440 tibi
873 1377 1007 1451 videtur,
1022 1375 1135 1438 Auta-¹

121 1478 165 1555 ni,
180 1479 381 1542 demonstres
406 1479 511 1554 velim,
527 1501 626 1560 quare
642 1491 674 1543 tu
692 1480 755 1542 hoc
780 1479 826 1542 ita
851 1499 1004 1562 magnum
1021 1487 1127 1560 putee,
1175 1469 1185 1484 ’
1215 1513 1219 1574 q

103 1581 199 1645 mihil
213 1581 245 1644 in
262 1581 359 1644 causi
375 1581 451 1644 mali
466 1581 585 1658 secere,
602 1593 637 1646 ut
649 1582 724 1644 nibil
749 1581 807 1646 tibi
821 1581 853 1645 in
870 1591 997 1644 oratore
1022 1579 1126 1664 majus
1181 1594 1185 1604 ’
1208 1581 1219 1644 J

125 1702 194 1748 esse
209 1683 364 1748 videatur.
1018 1767 1023 1774 ¹
1178 1684 1186 1693 '

87 1871 91 1875 .
167 1785 319 1852 LXXIV.
344 1786 460 1852 Dicam
472 1789 632 1870 equidem,
649 1789 769 1863 Caesar,
781 1781 892 1868 inquit,
915 1785 992 1866 quid·
1014 1784 1128 1849 intelli·
1213 1821 1219 1844 1

124 1907 220 1974 gam:
243 1885 300 1954 sed
316 1901 349 1953 et
364 1901 410 1967 tu,
429 1902 463 1954 et
478 1913 535 1954 vos
559 1912 683 1967 omnes,
699 1891 772 1967 hoc,
787 1891 1144 1972 inquitsmementotef'
1184 1877 1185 1882 ἵ

123 2014 189 2058 non
204 1993 308 2056 mede
325 1993 459 2076 perfecti
475 1995 609 2057 oratoris
625 1995 790 2057 divinitate
803 1993 941 2075 quddam
957 1992 1054 2074 loqui,
1069 1993 1126 2056 sed

123 2097 165 2160 de
193 2095 430 2160 exercitationis
457 2107 490 2160 et
516 2096 758 2160 consuetudinis
784 2117 866 2160 meae
893 2096 1128 2161 mediocritate.

126 2199 233 2263 Crassi
246 2199 376 2282 quidem
392 2220 582 2281 responsum
595 2200 780 2262 excellentis
794 2200 962 2284 cujusdam
977 2208 1026 2262 est
1041 2187 1142 2282 inge·¹

126 2301 169 2365 nii
185 2323 224 2365 ac
240 2301 407 2384 singularis
421 2327 429 2377 ς
451 2301 502 2365 cui
513 2301 668 2384 quiddam
679 2303 816 2390 portenti
828 2302 928 2366 simile
943 2299 1125 2380 essevitsum
1160 2303 1165 2312 '
1182 2321 1185 2329 ·
1212 2349 1219 2387 ,¹

78 2425 87 2440 ²
126 2414 186 2478 est,
202 2423 296 2486 posse
322 2403 460 2485 aliquem
478 2404 609 2467 inveniri
637 2417 809 2480 oratorem,
832 2405 884 2486 qui
910 2403 1029 2485 aliquid
1055 2403 1138 2512 muli
1178 2417 1188 2456 ·.

126 2506 250 2568 faceret
263 2504 417 2579 diceudo,
433 2505 624 2587 obessetque
641 2507 681 2581 ei,
708 2529 803 2588 quem
823 2507 1030 2570 defenderet:
1053 2504 1133 2569 facit
1151 2504 1176 2550 ¹·

128 2608 215 2671 enim
239 2607 280 2671 de
296 2629 330 2670 se
346 2607 587 2690 conjecturam
609 2609 698 2692 cujus
714 2619 806 2672 tanta
822 2610 867 2672 vis
891 2608 1010 2692 ingenii
1022 2619 1082 2684 est,
1097 2620 1132 2672 ut

128 2711 303 2788 nemiuem,
319 2709 378 2774 nisi
404 2710 563 2787 consulto,
580 2723 681 2795 putet,
696 2713 782 2792 quod
798 2723 911 2776 contra
926 2713 1065 2798 seipsum
1082 2712 1133 2789 sit,
1204 2763 1208 2771 .

37 2844 42 2882 i
129 2817 254 2893 dicere3
277 2816 348 2898 (sed
365 2836 428 2900 ego
444 2836 508 2878 non
533 2817 575 2878 de
592 2816 757 2898 praestanti
784 2814 923 2897 quddam
948 2825 982 2879 et
1007 2800 1134 2892 eximiis,
1214 2853 1217 2866 ·

130 2921 186 2984 sed
200 2921 300 3004 prope
316 2920 356 2983 de
372 2919 493 3002 vulgari
506 2929 539 2982 et
555 2913 718 2983 communi
737 2918 905 3002 prudentii
919 2918 1082 3002 disputo'3)
1098 2931 1135 2983 ut
1218 2915 1219 2940 i

132 3023 218 3106 apud
232 3022 365 3086 Graecos
376 3021 472 3085 fertur
483 3022 660 3086 incredibili
670 3021 811 3106 quddam
821 3022 1041 3104 magnitudine
1057 3043 1134 3107 con·
1162 3019 1166 3029 '

131 3123 199 3190 essii·
211 3134 308 3207 atquc
325 3125 445 3208 ingenii
471 3125 675 3192 Atheniensis
699 3127 750 3188 ille
767 3125 861 3188 fuisse
876 3123 1134 3202 Themistocles3
1202 3118 1219 3190 s*

135 3229 175 3292 ud
193 3249 288 3310 quem
305 3228 437 3310 quidam
453 3229 568 3293 doctus
582 3230 690 3305 bomo,
706 3239 802 3311 atque
814 3227 969 3312 inprimis
985 3229 1136 3306 eruditus,
1216 3315 1217 3318 Ἴ

101 3413 105 3420 ¹
135 3329 312 3417 accessisse
328 3332 452 3409 dicitur,
476 3333 569 3415 eique
585 3344 685 3396 artem
704 3330 966 3414 memoriae‚'quoe
982 3341 1056 3394 tum
1076 3331 1137 3414 pri·
1203 3405 1206 3412 .

135 3439 223 3500 mum
239 3435 470 3520 proferebatur,
490 3436 649 3520 pollicitus
664 3457 745 3512 esse,
763 3425 805 3500 ¹se
831 3435 1038 3500 traditurum:
1062 3437 1137 3498 eum
1202 3415 1219 3522 ‚J

136 3539 187 3606 ille
202 3537 379 3622 quaesisset,
403 3540 556 3622 quidnam
583 3539 637 3604 illa
662 3562 712 3606 ars
736 3539 864 3606 efficere
880 3550 999 3624 posset,
1021 3537 1137 3604 dixisse

1142 3713 1162 3756 ἱ
