2400 3980
336 123 551 168 nnonnronn
574 125 670 168 nrnnn
692 127 820 186 ruinius.
1020 115 1060 176 59
1129 90 1133 95 .

53 263 59 274 “
89 271 214 348 rudem,
233 291 293 336 nec
309 270 505 356 peregrinum
522 283 615 354 etque
630 273 782 359 hospitem
798 277 829 340 in
854 279 978 364 egendo
992 299 1059 346 esse

86 375 217 442 debere.
496 406 541 485 qs!
577 425 617 486 ,ἱ
684 415 710 476 s
758 457 792 472 f·

131 480 187 546 LI.
211 479 325 563 Neque
340 481 412 545 veni
427 471 661 568 istis'tiegoediis
675 463 747 563 iuis:
768 473 879 569 quibui
894 469 1069 573 uti'''phito·‘
1115 544 1117 552 ,

85 583 180 668 sopiri
194 585 327 648 manime
337 584 447 662 solent,
462 585 583 664 Crasse,
594 588 767 671 perturbor,
781 589 864 673 quod
875 591 933 654 ista
947 592 1058 670 dixisti,

6 731 7 734 κ
86 688 249 752 neminem
265 709 477 772 posseeorum
494 702 624 768 mentes,
638 693 689 776 qui
706 693 856 772 audirent,
872 704 924 758 sut
938 694 1056 760 inflem-

86 813 177 856 mare
206 791 355 868 dicendo,
370 803 423 857 eut
445 792 655 859 inflammatas
677 797 878 882 restinguere,
908 799 993 880 (cum
1017 799 1055 862 ed

86 895 226 960 maxime
250 895 293 958 vis
315 896 444 960 oratoris
466 897 710 983 magnitudoque
733 905 903 991 cerretum)¹
925 901 981 966 nisi
1002 903 1055 986 qui

84 1021 189 1065 rerum
214 999 352 1064 omnium
375 1011 528 1078 naturam,
549 1021 651 1066 mores
673 1003 833 1068 hominum
856 1018 949 1089 etque
965 1007 1055 1070 ratio·
1078 1029 1082 1035 ·

84 1125 142 1168 nes
156 1103 280 1186 penitus
295 1102 500 1188 perspexerit:
522 1104 552 1166 in
577 1125 639 1188 quo
661 1105 857 1192 philosophie
872 1110 910 1173 sit
938 1110 1053 1175 oratori

84 1206 264 1272 necessario
278 1207 497 1291 percipienda:
519 1229 581 1290 quo
597 1208 626 1272 in
638 1211 741 1274 studio
752 1211 910 1280 hominum
927 1233 1051 1298 quoque

83 1310 401 1398 ingeniosissimorum
417 1311 729 1394 otiosissimorumque
747 1323 829 1378 totas
846 1325 955 1379 aetetes
969 1318 1051 1381 vide·

83 1437 153 1480 mus
165 1436 235 1480 esse
250 1415 415 1480 contritas:
431 1435 559 1497 quorum
576 1436 636 1499 ego
651 1415 775 1499 copiam
792 1418 1050 1500 magnitudinem·

83 1540 144 1601 que
157 1518 343 1603 cognitionis
356 1531 448 1601 atque
461 1518 532 1582 artis
547 1539 609 1582 non
625 1518 790 1584 moderor
803 1531 982 1599 contemno,
994 1524 1051 1586 sed
1097 1552 1119 1576 «-

82 1624 179 1688 etiem
202 1622 402 1689 vehementer
423 1622 575 1687 admiror:
598 1621 700 1704 ⁴nobis
723 1634 840 1702 temen,
862 1624 913 1708 qui
935 1625 966 1690 in
988 1625 1067 1712 hoc,

82 1727 201 1812 populo
213 1727 341 1808 foroque
355 1747 521 1803 versamur,
535 1725 610 1791 suti's
625 1737 681 1804 est,
693 1749 731 1793 ee
747 1728 787 1792 de
802 1728 937 1794 moribus
951 1730 1049 1796 homi·
1092 1784 1095 1793 .
1132 1768 1136 1774 -

82 1853 157 1896 num
175 1844 207 1896 et
222 1831 300 1896 seire
322 1841 354 1896 ct
373 1829 486 1908 dicere,
501 1852 570 1913 quoe
581 1852 643 1896 non
656 1831 823 1897 abhorrent
836 1833 875 1896 ab
888 1833 1046 1900 homiuum

6 1973 7 2026 q
42 1923 45 1928 ¹
81 1935 229 2000 moribus.
273 1934 1049 2022 Quisenimunquamoratormsgnuqetgrevis,
1099 1972 1103 1978 ·

6 2041 7 2052 ’
79 2042 155 2104 edm
166 2039 277 2105 iratum
301 2038 474 2103 adversario
492 2038 627 2123 judicem
650 2037 753 2102 fecere
775 2039 876 2116 veliet,
896 2040 1047 2106 haesitevit

80 2143 124 2206 ob
137 2163 209 2208 eum
225 2163 364 2218 censam,
378 2141 462 2223 qued
474 2141 617 2218 nesciret,
627 2141 698 2222 quid
714 2153 795 2205 esset
807 2141 976 2219 iracundia,
990 2143 1046 2208 fer·

6 2255 7 2258 ’
43 2241 50 2254 ’
80 2267 175 2312 uorne
191 2247 313 2323 mentis,
328 2266 367 2310 on
383 2245 534 2330 cupiditas
546 2244 694 2328 puniendi
705 2233 840 2308 doloris?
870 2245 1043 2323 Quis,cdm

80 2361 212 2416 eeteros
237 2351 410 2416 animorum
430 2362 529 2413 motus
547 2360 600 2412 eut
611 2348 774 2434 judicibus,
800 2359 853 2414 aut
868 2348 983 2434 populo
1002 2349 1045 2413 di·

80 2455 183 2521 ceudo
199 2455 328 2520 miscere
352 2466 444 2536 utque
459 2451 576 2537 agitare
597 2453 696 2531 veliet,
710 2475 748 2518 ea
763 2453 848 2529 dixit,
862 2474 931 2537 quae
947 2476 965 2519 a
980 2455 1044 2540 phi·

6 2551 7 2560 ’
78 2559 286 2644 losophisdici
298 2557 419 2624 solenti
442 2557 493 2640 qui
502 2558 613 2644 partim
625 2557 751 2623 omnino
767 2571 868 2622 motus
884 2571 1000 2644 negent
1012 2560 1041 2624 in

79 2663 190 2730 animis
205 2663 282 2727 ullos
297 2684 364 2727 esse
379 2662 503 2738 debere,
514 2662 625 2744 quique
637 2683 691 2726 eos
702 2661 731 2725 in
737 2662 876 2748 judicum
890 2663 1043 2727 mentibus

78 2767 247 2844 concitent,
258 2767 358 2832 scelus
369 2787 422 2832 eos
434 2765 580 2830 nefarium
594 2764 715 2841 facere3
737 2766 858 2848 partim,
870 2766 920 2847 qui
932 2765 1042 2830 toleru-

78 2870 199 2936 biiiores
224 2871 329 2934 volunt
354 2891 431 2946 esse,
454 2880 486 2934 et
501 2869 540 2932 ed
552 2867 712 2934 veritatem
727 2868 797 2931 vitae
813 2867 937 2952 propius
953 2889 1041 2934 ecce·

6 2991 7 3006 ¹
62 2977 160 3060 dere,
174 2975 402 3060 permediocres
417 2995 455 3038 ec
471 2973 571 3058 potius
583 2972 665 3037 leves
677 2983 779 3036 motus
790 2971 905 3036 debere
919 2994 986 3038 esse
998 2975 1041 3038 di-

6 3119 7 3134 κ
76 3090 158 3145 cunt.
203 3079 432 3169 Oratoruutem
448 3076 552 3141 omnia
563 3076 641 3152 hoeo,
657 3096 726 3157 quae
741 3088 898 3160 putentur,
910 3077 940 3140 in
956 3099 1040 3142 com-

6 3168 8 3282 q
41 3203 46 3221 ·
76 3185 159 3248 muni
170 3183 241 3247 vitae
252 3181 491 3258 consuetudine,
509 3179 590 3244 meio
606 3200 644 3243 ee
667 3179 807 3256 moleste,
830 3191 861 3244 et
883 3179 1039 3264 fugiendo,

6 3297 7 3300 ’
77 3288 172 3352 multo
187 3287 305 3372 majora
314 3297 346 3350 et
358 3285 519 3350 acerbiore
530 3283 629 3350 verbis
644 3283 735 3346 fecit:
759 3282 893 3365 itemque
906 3304 955 3360 eo,
969 3305 1040 3366 quae

74 3379 456 3474 vuigoexp'etendeetquc
479 3388 630 3472 optabilia
649 3386 800 3474 videntur,
821 3387 957 3450 dicendo
975 3409 1038 3452 em·

6 3479 8 3600 i
75 3495 190 3580 plificat
213 3505 307 3576 utque
322 3505 429 3561 ornat:
463 3509 564 3576 neque
590 3492 652 3557 vult
676 3491 719 3554 itu
734 3489 854 3574 sepiens
867 3491 946 3554 inter
967 3491 1038 3556 stui-

6 3605 7 3636 ³
75 3613 120 3666 tus
135 3598 239 3674 videri,
256 3597 312 3672 uti,
337 3597 388 3679 qui
404 3597 542 3672 audiant,
557 3610 610 3662 eut
635 3595 718 3660 illum
734 3595 872 3678 ineptum
897 3605 928 3657 et
953 3593 1038 3657 Grue-

6 3659 9 3734 t

6 3779 10 3840 t
