2466 3966
319 163 370 204 en·
388 161 542 220 onerant
567 159 667 204 arsen
691 161 875 207 securium.
1037 147 1093 205 ltt

91 310 165 374 bure
181 305 325 390 quidem,
348 289 568 391 1εῑὶιι’νιιὶςυή
583 306 751 391 prudentia
764 307 826 370 sita
840 333 849 384 ς
874 308 931 372 sed
947 305 1000 371 itta
1015 327 1100 388 quse·
1187 337 1192 350 ·

92 415 209 488 rende,
236 433 310 494 quse
337 410 379 474 ab
394 423 584 474 accusatore
599 421 632 474 et
646 409 815 476 defensore
831 421 1032 493 argumenta,
1058 411 1101 474 ad

16 567 17 570 ,
91 516 139 592 id,
159 516 248 597 quod
263 515 295 578 in
308 514 463 598 judicium
478 514 574 590 venit,
599 513 792 596 spectantia,
817 513 959 576 debeant
986 512 1100 578 afferri.

141 619 265 682 XXXI.
291 619 398 700 Atque
413 617 466 680 hio
477 617 553 680 iilud
570 617 743 680 ridendum
758 626 817 691 est,
831 615 862 679 in
879 633 942 695 quo
958 632 1100 680 summus
1143 674 1145 679 .

91 735 147 786 est
158 741 245 786 error
256 720 630 802 istorummagistrorum,
641 721 681 784 ed
692 741 772 802 quos
781 719 897 783 liberos
905 728 1028 782 nostros
1036 721 1105 782 mit·

16 797 18 900 i
93 827 273 899 inausum
290 825 354 906 qno
367 824 429 888 hoo
440 818 571 906 quidem
583 824 624 887 ad
640 817 814 887 dicendum
829 821 1026 906 magnopere
1037 807 1105 904 per·
1213 815 1217 824 “

96 929 216 1003 tinoet,
225 928 282 991 sed
296 939 404 990 tameo
420 938 455 990 ut
470 925 614 1001 videatis,
625 929 722 1008 quam
736 927 775 989 sit
787 947 889 1010 genus
904 925 968 990 hou
983 943 1111 1002 eorum,

97 1031 156 1112 qur
166 1030 348 1094 steterunt
359 1030 515 1105 videntur,
525 1027 625 1094 henes
639 1039 734 1112 arque
747 1013 935 1113 impolitum.
980 1027 1105 1103 consri-

99 1144 197 1196 tuunt
212 1132 296 1196 enim
313 1132 344 1194 in
361 1131 534 1216 partiendis
561 1132 741 1196 orationum
765 1133 879 1210 modis,
904 1131 969 1196 duo
984 1149 1104 1218 genere

99 1255 294 1300 causarum:
318 1255 417 1298 unum
433 1235 608 1320 appellant,
628 1236 659 1298 in
676 1256 751 1317 quo,
765 1237 833 1300 sine
850 1221 994 1320 personis
1009 1245 1106 1318 atque

100 1341 313 1424 temporibus,
322 1341 363 1404 de
376 1340 521 1403 aniverso
532 1360 650 1423 genere
663 1351 842 1420 quaeratur,
864 1337 1010 1414 alterum,
1019 1326 1124 1419 quod⁸

101 1444 250 1528 pers-onis
273 1443 367 1508 certis
384 1454 416 1507 et
430 1440 628 1526 temporibus
654 1439 845 1506 definiatur:
866 1441 981 1523 ignari,
996 1449 1108 1504 omn'es

16 1555 17 1636 ᾖ
70 1565 74 1573 ’
101 1547 339 1611 controuersias
351 1547 393 1610 ad
409 1547 544 1613 universi
560 1545 685 1630 generis
700 1544 763 1608 vim
778 1553 811 1607 et
826 1555 974 1607 naturam
990 1541 1107 1608 referri.

106 1650 195 1714 Nam
211 1649 242 1714 in
255 1650 293 1714 ee
309 1649 377 1734 ipsb
391 1650 498 1726 cause,
513 1651 554 1714 de
568 1646 631 1731 quia
647 1651 722 1712 ante
736 1645 812 1725 dixi,
824 1646 899 1711 nihii
912 1646 1049 1732 pertinet
1065 1645 1108 1716 ad
1216 1687 1217 1690 κ

103 1753 242 1818 oratoris
268 1753 502 1836 locos-Opimii
531 1771 679 1836 persona,
710 1751 786 1816 nibil
813 1747 916 1817 Decii.
962 1751 1012 1816 De
1039 1740 1109 1835 ipso

16 1909 17 1916 ,
105 1854 194 1921 enirn
207 1856 353 1920 universo
369 1875 487 1940 genere
502 1853 626 1920 infinita
641 1856 774 1938 quaestio
790 1866 940 1933 est,·num
958 1853 1054 1940 poenb
1068 1853 1110 1916 ri·

16 1935 17 1974 ¹
107 1960 224 2024 dentur
239 1956 532 2034 esse-afficiendus,
557 1959 609 2038 qui
636 1960 740 2021 civem
765 1976 804 2019 ex
830 1957 1110 2021 senatusconsulto

109 2062 222 2145 patri'ae
238 2061 468 2125 conservandae
480 2058 577 2122 eausb
591 2057 798 2133 interemerit,
813 2061 886 2121 oum
902 2059 934 2120 id
951 2079 1007 2140 per
1021 2057 1111 2141 leges

108 2185 176 2230 non
192 2164 311 2228 liceret.
356 2163 454 2227 Nulla
470 2161 607 2242 denique
623 2173 672 2225 est
687 2179 797 2234 eausa,
824 2159 855 2222 in
872 2159 934 2240 que
957 2159 999 2234 id,
1024 2157 1111 2239 qirod

108 2270 144 2331 in
155 2267 310 2351 judicium
326 2267 423 2341 venit,
443 2287 481 2330 ex
498 2283 624 2327 reorum
636 2263 790 2346 personis,
816 2283 881 2325 non
896 2280 1051 2346 generum
1067 2261 1112 2345 ip·

109 2391 218 2434 sorum
241 2368 386 2434 uniuersi
407 2367 634 2452 disputatione,
648 2357 816 2448 quoemtu‘r.
862 2363 1052 2436 Quinetiam
1080 2359 1111 2428 in

110 2473 149 2537 iis
165 2473 249 2557 ipris,
272 2472 326 2534 ubi
341 2473 381 2536 de
397 2471 485 2534 fnoto
501 2469 683 2554 ambigitur,
708 2472 871 2555 ceperitne
895 2479 1008 2536 contra
1023 2469 1112 2555 leges

112 2572 267 2660 pecunias
284 2576 317 2640 P.
335 2575 465 2662 Decius,
481 2586 671 2660 argumenta
682 2587 717 2640 et
732 2575 901 2640 eriminum
913 2587 946 2640 et
957 2572 1115 2640 defensio·
1173 2577 1178 2580 ’

111 2680 164 2746 nis
174 2691 361 2744 reuocentur
377 2689 504 2762 oportet
521 2681 562 2742 ad
579 2703 692 2764 genus,
718 2691 749 2744 et
767 2681 807 2742 ad
825 2693 973 2744 naturam
993 2680 1115 2743 univer·

114 2803 199 2848 sam:
222 2783 306 2865 qubd
323 2795 513 2857 sumtuosus,
529 2784 569 2846 de
580 2783 699 2845 luxurie
710 2808 718 2858 3
730 2784 825 2876 'quod
837 2781 933 2872 aiieni
947 2792 1116 2863 appetens,

16 2899 17 2924 ³
112 2889 156 2952 de
172 2886 324 2964 auaritib3
346 2887 431 2969 quiid
444 2884 623 2960 seditiosus,
634 2885 676 2947 de
691 2881 878 2965 turbulentis
895 2893 927 2946 et
940 2881 1031 2946 malis
1042 2882 1118 2946 eivi-

116 2991 192 3067 b11s3
216 2992 299 3072 quod
318 3013 336 3054 a
352 2988 456 3052 multis
478 2987 628 3071 arguitur,
655 2986 696 3050 de
723 3007 842 3069 genere
868 2985 1018 3050 testium:
1040 3007 1118 3051 oon·

117 3096 237 3174 traque,
259 3113 333 3176 quae
348 3115 405 3178 pro
421 3113 476 3158 reo
491 3089 648 3165 dicentur,
674 3089 783 3153 omnia
804 3089 987 3154 necessario
1003 3103 1022 3156 'a
1039 3101 1117 3154 tern-

16 3205 24 3240 '·
119 3219 195 3280 pore
221 3208 317 3279 atque
336 3197 465 3261 homine
492 3196 533 3259 nd
560 3192 747 3257 communes
774 3215 878 3256 rerum
903 3207 937 3258 et
963 3187 1116 3279 generum
1215 3251 1217 3258 Α

118 3321 257 3364 summos
272 3301 481 3364 revolventur.
526 3297 633 3378 Atque
649 3296 719 3360 haeo
744 3297 877 3362 forsitan
894 3297 1026 3378 homini,
1052 3315 1118 3364 non

119 3406 238 3480 omnia,
263 3423 335 3485 quae
350 3415 423 3483 sunt
438 3403 469 3466 in
486 3401 598 3466 naturai
612 3419 727 3477 rerum,
746 3399 893 3466 celeriter
908 3390 1016 3466 animo
1032 3419 1119 3466 eom·
1181 3398 1186 3402 ’

16 3495 18 3500 ’
121 3505 341 3591 prehendenti,
365 3505 522 3588 permulta
537 3503 713 3580 videantur,
740 3523 812 3586 quae
827 3504 957 3568 veniant
983 3505 1015 3568 in
1039 3501 1119 3590 judi·

119 3609 205 3676 mum
221 3620 301 3684 tum,
314 3610 389 3673 oiim
404 3609 444 3670 de
457 3607 544 3672 facto
556 3621 735 3698 quaeratur:
756 3609 813 3672 sed
829 3619 938 3672 tamen
950 3607 1119 3672 eriminum

16 3787 26 3804 η
120 3725 169 3780 eti
183 3711 363 3787 multitudo,
378 3731 442 3774 non
455 3709 677 3774 defensionum
692 3721 747 3774 eut
759 3711 913 3786 locorum,
928 3710 1060 3772 infinita.
