2466 3966
338 111 381 156 ns
405 113 558 160 carrona
581 117 682 158 urens,
704 117 894 185 sucurrnus.⁶
1050 103 1108 159 117

16 247 17 280 r
109 279 240 321 reorum
252 259 319 335 fuir,
334 271 412 336 tum,
427 263 501 326 crim
513 271 581 326 erat
597 262 630 324 in
642 263 703 328 irae
715 276 811 346 gente
823 283 944 346 magna
956 263 1009 329 itta
1021 264 1110 332 Grae·
1203 306 1208 312 ·

110 361 183 424 cia·
206 383 245 425 cx
261 383 325 442 quc
333 362 440 426 etiarn
463 363 592 443 quidam
617 365 760 428 Numam
762 365 977 448 Pompilium,
1000 387 1108 450 regem

111 475 267 539 nostrum,
283 464 375 528 fuisse
387 465 623 548 Pythagoreum
634 467 755 543 seruum
777 468 830 549 qui
843 469 933 530 annis
946 469 1108 551 permultis

111 569 187 628 ante
211 567 278 642 suit,
302 570 397 648 quern
418 570 485 650 ipse
509 569 726 652 Pythagoras.
738 571 812 652 qu6
831 569 928 633 etiarn
948 572 1048 654 major
1063 553 1121 635 vir

110 669 280 742 habendus
292 681 350 746 est,
370 693 457 734 cum
449 671 542 734 illam
555 672 745 754 sapientiam
758 673 989 736 constituendae
1000 673 1107 736 civita·

109 774 150 832 tis
164 772 287 863 duobus
299 776 397 856 propo
410 773 532 836 saeculis
545 777 619 838 ante
631 775 793 858 cognovit,
808 777 902 857 quom
916 797 988 838 eam
1002 776 1108 839 Graeci
1172 857 1174 860 Ι

109 886 224 938 natum
238 897 307 938 esse
323 887 506 940 senserunt:
528 888 560 940 et
576 879 662 940 certe
679 898 742 942 non
759 878 830 940 tulit
845 878 924 941 ullos
940 879 1008 942 lraec
1030 871 1107 942 civi·
1196 881 1198 884 ’

16 983 17 988 ’
110 989 161 1040 tas
178 965 234 1040 aut
245 978 344 1061 glorio
356 979 514 1054 clariores
530 991 585 1041 aut
598 979 788 1065 auctoritate
799 977 971 1065 graviores,
988 991 1042 1044 aut
1054 981 1108 1044 hu·
1165 1043 1171 1050 ,

110 1080 267 1144 monitate
285 1081 455 1163 politiores
471 1073 511 1145 P.'
522 1080 686 1158 Africano,
703 1081 739 1144 C.
756 1082 867 1158 Laelio,
883 1083 920 1146 L.
933 1083 1039 1160 Furio,
1054 1087 1107 1166 qui

16 1255 17 1260 η
109 1203 221 1246 secum
237 1183 463 1248 eruditissimos
479 1184 624 1258 homines
640 1205 678 1250 ex
703 1184 829 1248 Graecio
851 1184 958 1267 palam
982 1207 1107 1270 semper

110 1285 300 1350 habuerunt.
339 1285 445 1365 A‘tque
456 1298 518 1368 ego
529 1307 567 1348 ex
578 1285 643 1348 istis
653 1289 737 1368 saepe
749 1287 863 1362 audivi,
873 1289 1107 1365 cumdiscrent,

109 1400 354 1470 pergratumt
312 1390 354 1451 At
357 1389 523 1450 herienses
539 1399 571 1450 et
586 1387 644 1450 sibi
660 1388 783 1462 secisse,
799 1399 831 1451 et
846 1388 950 1450 multis
963 1390 1107 1502 principi·

16 1543 21 1572 ,
109 1491 169 1554 bus
182 1490 328 1587 civitatis
338 1491 434 1572 quod,
445 1492 519 1553 cirin
536 1491 576 1552 ad
589 1501 735 1552 senatum
747 1489 871 1574 legatos
883 1491 923 1552 de
935 1490 998 1552 suis
1011 1492 1106 1578 marri·

110 1593 169 1655 mis
190 1593 283 1658 rebus
299 1593 472 1669 mitterent,
497 1604 559 1656 tres
575 1592 653 1656 illius
670 1593 774 1658 aetatis
785 1593 996 1660 nobilissimos
1008 1573 1107 1677 philo·

46 1773 50 1782 ¹
110 1696 403 1779 sophosmisissent‚
414 1697 628 1773 Carneadem,
639 1707 671 1759 et
681 1696 865 1772 Critolaum,
875 1696 1106 1780 etDrogenem

16 1839 22 1856 κ
110 1799 225 1882 Itaque
241 1823 307 1876 eos,
331 1802 408 1863 dum
424 1801 539 1872 Romae
555 1809 672 1874 essent,
695 1810 728 1862 et
744 1821 763 1862 a
778 1821 823 1876 se,
846 1812 878 1864 et
894 1800 935 1864 ab
959 1800 1026 1863 aliis
1049 1801 1106 1864 fre·

110 1913 244 1982 quenter
260 1903 400 1966 auditos:
424 1922 503 1982 quos
520 1911 553 1964 tu
568 1906 642 1966 cunr
658 1902 793 1965 haberes
806 1913 963 1978 auctores,
977 1903 1106 1978 Antoni,
1215 1902 1216 1910 ’

16 1995 17 2000 ’
110 2005 216 2081 miror,
228 2026 283 2068 cur
294 2003 513 2087 philosophiae,
525 2003 606 2066 sicut
619 2002 738 2064 Zethus
750 2002 801 2064 ill'e
814 2003 1025 2078 Pacuvianus,
1037 2024 1107 2084 pro·
1139 2066 1145 2074 ,

16 2111 17 2128 ἢ
111 2112 151 2192 po
164 2109 280 2172 bellum
292 2107 448 2171 indixeris.
482 2106 625 2180 Minime,
637 2105 737 2184 inquit
748 2102 923 2167 Antonius:
948 2125 987 2166 ac
999 2102 1045 2166 sic
1054 2105 1107 2168 dc·

112 2211 195 2276 crevi
210 2208 425 2293 philosophari
441 2210 555 2289 potiris,
568 2218 601 2269 ut
613 2198 846 2286 Neoptolemus
860 2205 943 2286 apud
956 2205 1106 2280 Ennium,

106 2313 241 2400 paucis:
266 2311 324 2376 Ν
326 2333 353 2373 m
369 2311 490 2372 omnino
505 2307 592 2378 haud
603 2308 720 2391 placet.
766 2307 832 2370 Sed
849 2309 956 2370 tamen
974 2306 1042 2370 haee
1059 2318 1106 2374 est

113 2440 185 2483 mea
197 2415 367 2490 sententia,
382 2433 479 2496 quum
492 2411 621 2475 videbar
634 2411 831 2494 exposuisse:
853 2431 921 2526 egp
929 2409 1015 2524 ista
1001 2410 1106 2472 studia

111 2542 176 2584 non
196 2519 353 2602 improbe,
376 2517 542 2580 moderata
559 2515 662 2588 modo
672 2513 752 2576 sint:
776 2507 959 2625 opinionem
975 2500 1106 2576 istorum

111 2623 297 2702 studiorum,
312 2631 343 2684 et
359 2618 573 2701 suspicionem
586 2617 707 2692 artificii
721 2617 805 2698 apud
819 2637 884 2691 eoo,
901 2615 1015 2697 quires
1026 2613 1107 2696 judi·
1125 2693 1128 2702 A

74 2769 78 2778 ·
112 2737 197 2803 cont,
220 2725 337 2789 orotori
359 2721 573 2786 adversariam
588 2741 657 2799 esse
674 2719 827 2794 arbitror:
849 2716 1005 2779 imminuit
1021 2713 1105 2778 sirim

113 2845 144 2896 et
159 2832 292 2896 oratoris
309 2828 543 2899 auctoritatem,
559 2833 591 2902 et
607 2821 757 2884 orationis
773 2820 879 2882 fidem.

111 3009 112 3014 η
154 2932 341 3000 XXXVIII.
367 2929 443 3003 Sed,
459 2938 494 2990 ut
511 2926 551 2990 eo
568 2933 743 2995 revocetur,
759 2921 843 2982 uode
860 2919 921 2981 huc
935 2917 1107 2982 declinavit
1183 2970 1186 2976 .

113 3039 224 3112 oratic,
236 3057 274 3098 err
285 3034 383 3098 tribus
393 3031 458 3094 istis
469 3025 647 3093 clarissimis
658 3022 862 3104 philosophis,
874 3042 953 3102 quos
964 3021 1105 3086 Romam

21 3161 22 3164 ’
112 3139 233 3206 venisse
248 3135 363 3212 dixisti,
378 3135 506 3196 videsne
523 3129 704 3212 Diogenem
719 3124 825 3200 suisse,
844 3125 897 3206 qui
913 3124 1108 3200 diceremur·

113 3258 176 3310 tem
193 3263 227 3304 se
249 3240 372 3304 tradere
397 3237 478 3300 benc
502 3229 687 3304 disserendi,
709 3238 742 3290 et
757 3248 831 3288 vera
847 3247 886 3290 ae
902 3226 982 3288 salsa
997 3225 1107 3308 dijudi-

112 3345 218 3420 candi,
233 3361 330 3424 quam
347 3339 443 3402 verbo
461 3337 576 3402 Graeco
591 3336 754 3400 διαλεκτικὴν
772 3327 966 3410 appellaret?
990 3327 1027 3389 In
1045 3328 1106 3398 hac

18 3455 23 3463 '
112 3466 190 3528 arte,
206 3446 245 3529 (si
263 3443 358 3506 modo
374 3453 423 3504 est
439 3440 515 3502 iraec
524 3439 599 3520 ars)
617 3432 735 3498 nullum
752 3439 800 3494 est
816 3441 1024 3514 praeceptum,
1042 3450 1107 3510 que

112 3556 209 3634 modo
223 3565 332 3614 rerum
348 3542 540 3626 inveniatur,
562 3538 618 3604 scd
632 3537 757 3602 tantum
769 3543 828 3610 est,
843 3554 906 3618 quo
918 3521 1017 3596 modo'
1026 3529 1107 3615 judi·
