2466 3966
336 159 379 204 nn
402 160 680 205 masena-araus
703 161 886 232 sequanus.
1051 145 1111 204 tta

114 301 202 368 atum
216 292 396 381 doctorem,
410 317 448 372 ut
460 307 569 370 omnia
584 293 799 390 meminisset3
819 319 853 373 et
875 308 904 373 ei
931 305 1114 372 Themisto·
1163 311 1166 318 '

5 491 11 502 Α
112 406 199 470 olam
221 410 433 492 reapondisse,
447 406 566 494 gratius
581 410 639 473 sibi
665 409 751 474 illum
768 431 838 474 esse
853 411 1023 486 facturum,
1038 411 1064 474 si
1079 429 1114 474 se

5 503 10 514 ’
28 501 32 508 ’
107 507 270 586 oblivisci,
285 529 358 592 quse
372 511 476 587 vehet,
488 517 584 595 quam
606 511 632 574 si
646 512 837 590 meminisse,
848 513 1018 608 docuisset.
1062 511 1116 574 Vi·

86 633 99 660 ’-
115 610 227 687 desae,
249 632 323 694 quae
339 614 383 678 vis
397 614 428 677 in
442 614 572 678 homine
595 615 739 678 acerrimi
753 615 883 699 ingenii,
894 618 988 697 quem
1002 625 1116 698 potens

114 723 148 776 at
159 725 281 795 quanta
297 735 387 780 mens
402 717 517 781 fueriti
541 717 596 799 qni
610 719 656 783 ita
670 718 880 802 responderit,
891 730 926 782 ut
930 703 1116 801 intelligere

115 811 292 898 possemus,
303 819 378 882 nihii
388 841 426 883 ex
443 820 522 884 iilius
534 820 654 896 enimo,
666 821 751 901 quod
763 821 863 886 semel
873 833 957 885 esset
970 820 1128 895 infusum,

116 937 259 1000 unquam
274 917 401 985 effluere
414 922 574 1004 potuisse:
597 923 670 986 edm
683 923 814 1005 quidem
826 923 854 988 ei
864 923 957 987 fuerit
970 921 1119 1006 optabili·

8 1007 20 1098 ’,
114 1039 164 1096 us,
175 1020 317 1087 oblivisci
343 1045 436 1106 posse
464 1026 578 1108 potiris,
593 1026 678 1105 quod
697 1025 877 1090 meminisse
894 1025 1004 1102 nollet,
1020 1026 1117 1109 quem

115 1123 202 1204 quod
218 1124 316 1188 semel
329 1125 469 1190 audisset
486 1128 665 1202 vidissetve,
681 1127 871 1198 meminisse.
918 1129 984 1194 Sed
1001 1148 1118 1209 neque,

35 1251 39 1257 ·
86 1257 97 1272 ¹·
116 1237 248 1310 propter
273 1227 336 1292 hoc
363 1228 591 1292 Themistoclis
620 1241 819 1312 responsum,
845 1233 1007 1294 memorie
1026 1231 1118 1294 nobis

113 1349 214 1412 opera
225 1330 339 1414 danda¹
350 1351 414 1394 non
430 1342 479 1394 est
492 1355 500 1407 ς
515 1352 619 1412 neque
634 1331 687 1395 ilia
702 1353 775 1394 mea
791 1333 899 1396 cautio
914 1343 947 1396 et
962 1333 1116 1397 timiditas

116 1431 149 1494 in
164 1433 280 1508 causis,
303 1443 432 1516 propter
458 1445 664 1516 praestantem
681 1435 883 1517 prudentiam
900 1435 1017 1510 Crassi,
1043 1456 1119 1519 neg·

31 1579 34 1584 -
115 1533 248 1618 iigenda
262 1544 320 1599 est.
351 1534 507 1616 'Uterque
523 1535 607 1598 eninr
620 1533 750 1599 istorum
767 1557 831 1600 non
856 1537 931 1600 mihi
945 1537 1051 1602 attulit
1066 1537 1120 1601 ali·

82 1644 85 1652 '
116 1655 227 1717 quam,
253 1637 309 1702 sed
335 1659 427 1701 suam
454 1637 644 1722 significavit
660 1639 859 1703 facultatem.
904 1639 1032 1704 Etenim
1050 1661 1120 1724 per·

39 1717 54 1790 ⁵·-
117 1739 220 1808 mnlta
244 1751 317 1803 sunt
329 1740 360 1804 in
372 1742 487 1817 causis,
503 1741 533 1804 in
549 1742 638 1805 omni
661 1753 751 1826 parte
768 1729 924 1808 orationis
936 1743 1120 1828 circumspi-

5 1861 49 1942 ν,
117 1841 246 1919 cienda,
261 1863 301 1908 ne
316 1843 392 1925 quid
409 1843 565 1920 offendas,
590 1865 631 1908 ne
654 1846 719 1927 qud
740 1847 848 1912 irruas.
896 1847 990 1930 Saepe
1008 1847 1120 1931 aliquia

5 1959 6 1962 ’
118 1941 209 2010 testis
236 1956 382 2010 autnon
410 1945 506 2024 ledit,
533 1958 588 2010 aut
614 1949 717 2012 minus
732 1949 830 2026 laedit,
853 1948 912 2014 nisi
927 1950 1121 2014 lacessatur:

118 2058 192 2112 orat
211 2069 293 2123 reus,
309 2059 424 2133 urgent
439 2050 600 2126 advocati,
616 2060 649 2115 ut
664 2051 861 2128 invehamur,
885 2063 919 2115 ut
934 2051 1018 2116 male
1034 2051 1123 2116 dice·

119 2171 203 2247 mus,
213 2148 353 2234 denique
369 2163 403 2216 ut
414 2153 665 2234 interrogemus:
690 2173 753 2215 non
768 2174 909 2229 moveor,
922 2175 995 2216 non
1000 2154 1125 2219 obtem·

24 2245 44 2340 ,J
120 2275 210 2342 pero,
225 2275 290 2318 aen
306 2254 481 2330 satrsiaero
506 2274 613 2336 neque
639 2243 751 2318 tameh
775 2255 872 2319 ullam
890 2277 1044 2338 assequor
1058 2256 1125 2321 lau
1181 2297 1193 2312 -

17 2347 19 2352 ¹
62 2366 65 2374 '
119 2353 206 2422 detti.
252 2357 415 2421 Homlnes
425 2379 510 2421 emm
527 2371 664 2440 rmperrtr
680 2356 813 2434 factivus
833 2359 920 2441 quod
934 2359 1028 2424 stulte
1040 2359 1125 2424 dixe

110 2459 173 2552 ph,
185 2460 429 2545 reprehendere,
440 2463 546 2541 quam,
556 2460 641 2542 quod
653 2460 815 2545 sapienter
830 2463 980 2538 tacueris,
991 2461 1125 2528 laudare

89 2559 94 2569 “
122 2555 282 2647 rihmuntr·
310 2563 376 2628 Hic
391 2577 549 2647 quantum
565 2564 600 2627 fit
616 2564 702 2639 mali,
724 2564 749 2628 si
765 2564 894 2641 iratum,
920 2566 945 2629 si
972 2587 1036 2629 non
1052 2565 1126 2630 stul·

121 2679 201 2741 tum,
213 2668 237 2730 si
254 2687 318 2732 non
334 2667 436 2732 levem
461 2679 576 2732 testem
591 2667 727 2732 laeseris!
752 2667 852 2733 habet
867 2668 953 2732 enim
971 2680 1004 2732 et
1019 2669 1127 2732 volun·

5 2763 28 2780 '¹
121 2782 223 2836 tatem
237 2771 415 2836 nocendiin
438 2769 612 2846 iracundie,
628 2782 661 2834 et
677 2769 740 2833 vim
752 2770 784 2832 in
800 2771 942 2854 ingenio,
955 2780 988 2834 et
1000 2771 1127 2854 pondus

5 3789 10 3800 ,
98 3761 113 3796 Ι

6 2913 7 2920 1
124 2874 156 2938 in
180 2873 262 2950 vita,
283 2893 355 2949 nec,
370 2873 395 2938 si
422 2874 484 2937 hoo
500 2873 634 2936 Crassus
661 2893 725 2936 nnn
749 2871 932 2948 committit,
959 2871 1034 2936 ideo
1058 2881 1126 2936 'non

5 2987 7 2998 ’
124 2976 227 3052 multi,
253 2978 399 3059 etsmpe,
424 2975 640 3041 committunt.
685 2973 764 3043 Qud
790 2975 920 3056 quidem
939 2974 1015 3039 mihi
1030 2975 1130 3040 videri

33 3100 41 3116 ¹
125 3079 246 3162 turpius
261 3077 335 3142 nihii
351 3078 443 3155 solet,
458 3078 565 3159 qudm,
589 3080 662 3141 edm
679 3077 869 3142 exaratoris
894 3079 982 3144 dioto
1010 3077 1129 3162 aliquo,

5 3195 41 3247 9.·
126 3191 362 3263 66666ψ6666,
387 3192 443 3245 ant
470 3192 595 3264 rogatu,
621 3199 726 3244 sermo
754 3179 973 3265 illesequitur,
1004 3181 1129 3248 Occidit

125 3285 191 3350 illc.
226 3283 511 3348 Adversarruarne
508 3283 555 3331 9
543 3305 633 3346 666666
648 3281 899 3361 aeramentis,
911 3297 1021 3349 etcum
1036 3305 1127 3371 quem

127 3387 283 3478 deserrdit.
634 3421 640 3432 ·

172 3489 307 3556 LXXV.
330 3487 406 3554 Hoc
421 3489 554 3554 Crassus
569 3509 634 3554 non
648 3499 743 3572 putat
759 3490 817 3558 nisi
807 3488 965 3575 perfidia
980 3489 1129 3558 accidere

130 3611 244 3684 pom:
267 3611 330 3679 ego
346 3601 456 3658 autem
469 3590 641 3676 sepissime
655 3591 747 3658 video
760 3593 791 3658 in
807 3594 911 3660 musis
930 3593 1049 3677 aliquid
1064 3613 1131 3658 me·
