2458 3972
130 54 295 110 pum,
294 9 556 134 msuldpa
542 31 679 106 Arana
712 19 973 112 'ruem-ldae)
1003 3 1201 114 [nubile-v·

169 140 232 201 939
272 147 277 156 ’
398 163 441 208 os
464 163 614 212 onnon
638 169 734 214 aran
757 169 906 219 nanrror.

163 323 256 386 quern
281 305 398 394 scripsi,
413 309 526 392 libello,
549 335 600 380 me
624 315 786 402 invenisse,
812 320 1020 406 eloquentem.
1065 323 1144 392 Sed

166 407 205 474 ed
217 420 248 477 te
259 431 300 476 ne
314 411 462 480 laudandi
473 418 599 501 quidem
613 421 706 486 causd
719 423 920 509 interpellavi,
943 427 1070 510 nequid
1097 429 1148 496 de

165 513 226 580 hoc
242 526 307 580 tam
318 539 432 606 exiguo
451 524 601 587 sermonis
616 523 660 588 tui
682 536 834 611 tempore,
861 529 955 594 verbo
978 549 1040 595 uno
1051 552 1144 610 meo,

167 617 397 688 diminueretur.
441 623 558 690 Hanc'
551 627 652 711 igitur,
678 629 840 695 Crassus
833 633 942 716 inquit,
967 635 1005 698 ad
1021 633 1146 719 legem,

164 713 237 788 ctlrn¹
248 727 481 804 exercitatione,
493 739 558 792 tum
572 731 653 808 stilo,
668 732 736 814 (qui
746 745 778 798 et
796 733 866 813 elia,
880 748 913 800 et
925 735 982 804 hoc
997 737 1139 802 manime

166 838 256 892 ornat
272 849 310 892 ac
322 827 432 914 limat)
455 831 621 898 formanda
638 835 724 898 vobis
749 839 849 902 oratio
864 850 920 905 est.
960 839 1073 922 Neque
1089 851 1138 908 ta·

165 949 238 994 rnen
254 931 314 995 hoc
327 933 405 997 tanti
419 934 532 999 laboris
547 947 604 1013 est,
626 939 734 1019 quanti
750 939 886 1006 videtur:
909 963 966 1007 nec
977 955 1049 1007 sunt
1064 943 1140 1009 lraec

164 1034 406 1118 rhythmicorum
418 1059 456 1103 ac
467 1039 653 1106 musicorum
667 1044 817 1109 acerrima
833 1045 939 1110 normal
953 1047 1140 1132 dirigenda:

163 1149 196 1202 et
210 1135 409 1204 efficiendum
423 1154 470 1207 est
480 1143 551 1208 illud
563 1146 657 1210 modo
668 1146 763 1224 vobis,
773 1169 812 1212 ne
822 1148 1018 1228 tluatoretio,
1030 1171 1070 1216 ne
1080 1172 1137 1216 aa·

163 1249 263 1324 petua
274 1262 314 1306 ne
326 1243 445 1310 insistat
457 1248 592 1326 interius,
607 1271 647 1314 ne
669 1261 811 1314 excurret
826 1251 964 1348 longlps·
984 1265 1020 1337 ut
1035 1275 1137 1318 mem·

164 1341 451 1432 brisdiatinguatur‚
466 1363 499 1416 ut
513 1353 730 1418 conversiones
743 1335 1035 1422 habeatabsolutae.
1068 1357 1135 1423 Ne·

163 1467 225 1532 que
243 1469 366 1534 semper
391 1457 542 1521 utendum
555 1467 603 1521 est
618 1459 833 1541 perpetuitate,
855 1471 886 1524 et
901 1459 991 1542 quasi
1003 1482 1136 1528 conver·

162 1553 1135 1652 sioneverborum,sedsaepecarpcndamembrismiautiorffius

164 1665 264 1730 oratio
279 1675 343 1740 est;
364 1685 434 1747 quae
448 1674 555 1728 tamen
570 1665 636 1747 ipsa
651 1664 792 1730 membra
803 1676 874 1731 sunt
891 1669 1026 1732 numeris
1038 1669 1133 1734 vinci·

164 1770 255 1834 enda.
285 1766 398 1850 Neque
409 1787 462 1832 vos
472 1787 564 1851 paeon
573 1777 626 1830 aut
636 1767 745 1832 herous
755 1767 805 1832 ille
814 1771 992 1836 conturbet:
1008 1771 1066 1856 ipsi
1077 1795 1133 1837 oc-

163 1881 287 1938 current
309 1871 455 1936 orationi:
476 1869 554 1956 ipsi,
565 1870 704 1954 inquam,
717 1892 750 1936 sc
765 1865 908 1951 offerent,
921 1885 952 1939 et
963 1877 1134 1959 respoude-

161 1977 249 2054 bunt,
268 1973 453 2042 nonvoceti.
487 1975 690 2038 Consuetudo
702 1976 796 2039 nodo
809 1975 858 2040 ille
869 1977 907 2040 sit
918 1977 1074 2043 scribendi
1084 1989 1133 2046 ot-

162 2101 224 2162 que
238 2079 371 2154 dicendi,
381 2090 414 2143 ut
428 2077 590 2142 sententiae
602 2076 701 2142 verbis
715 2077 870 2157 liniantur,
881 2100 1051 2163 corumque
1062 2103 1130 2148 ver·

162 2181 272 2247 borum
293 2179 413 2265 junctio
436 2192 584 2243 nascatur
603 2199 623 2242 a
641 2179 776 2263 proceris
799 2182 933 2246 numeris
954 2203 993 2247 ac
1016 2183 1130 2262 liberis,

161 2285 295 2350 maxime
307 2284 403 2348 heroo
412 2293 442 2346 et
452 2303 564 2366 paeone
575 2283 744 2365 posteriore
756 2293 810 2347 aut
821 2284 957 2362 cretico;
977 2287 1032 2352 sed
1044 2289 1128 2354 varie
1209 2375 1210 2388 χ

160 2387 364 2468 distincteque
376 2385 528 2452 considat.
571 2385 706 2450 Notatur
715 2387 797 2450 enim
814 2387 948 2453 manime
959 2389 1127 2455 similitudo

159 2491 189 2554 in
205 2487 475 2571 conquiescendo:
496 2497 538 2564 et,
548 2487 575 2550 si
585 2489 672 2571 primi
683 2498 714 2554 et
726 2491 873 2572 postremi
894 2491 936 2556 illi
947 2493 1044 2576 pedes
1053 2505 1129 2562 aunt

157 2595 219 2658 lrac
230 2593 349 2656 ratione
363 2590 486 2667 servati,
500 2590 596 2655 medii
618 2603 746 2676 possunt
769 2592 876 2672 latere,
901 2595 996 2658 modu
1011 2617 1051 2660 ne
1065 2597 1125 2662 eir*

160 2696 261 2764 cuitus
286 2694 352 2780 ipse
367 2694 530 2760 verborum
554 2694 592 2760 sit
618 2695 817 2794 autwbrevior
841 2701 936 2780 quana
961 2720 1056 2763 aures
1075 2721 1129 2764 ex-

156 2809 310 2887 spectent,
325 2809 377 2864 sut
393 2798 513 2883 longior
527 2801 620 2880 quam
635 2799 712 2863 vires
727 2810 822 2884 atquo
837 2801 943 2866 anima
958 2802 1102 2886 patiatur.

198 2906 235 2970 L.
258 2903 417 2968 Clausulas
440 2913 544 2968 autem
559 2902 735 2987 diligentius
752 2904 847 2968 etiarn
862 2905 1030 2969 servandas
1055 2925 1126 2972 esse

156 3008 297 3084 arbitror,
312 3009 404 3090 quem
417 3007 595 3092 superiora3
615 3007 700 3090 quod
715 3006 746 3070 in
759 3007 805 3071 his
827 3007 963 3074 maximia
974 3009 1127 3092 perfectio

156 3123 250 3195 utque
276 3109 429 3176 absolutio
450 3110 625 3196 judicatur:
648 3131 721 3174 narn
737 3110 840 3174 versls
862 3115 951 3195 uque
967 3112 1076 3195 prima,
1091 3127 1123 3178 et

156 3216 269 3294 media,
294 3223 327 3281 et
351 3225 489 3280 extrema
508 3235 579 3298 pars
605 3213 791 3289 attenditur
813 3214 865 3296 qui
879 3215 1067 3292 debilitatur,
1091 3215 1124 3283 in

153 3318 339 3404 quacunque
364 3319 403 3384 sit
427 3330 514 3404 parte
541 3317 717 3382 titubatum.
776 3316 813 3380 ln
839 3319 981 3382 oratione
1008 3329 1126 3398 autem,

152 3421 252 3510 prima
263 3422 356 3507 pauci
371 3431 512 3497 cernunt,
527 3433 684 3505 postrema
700 3417 838 3505 plerique
849 3439 960 3504 :·quae‚
974 3421 1123 3504 quoniam

154 3533 307 3610 apparent
321 3535 353 3588 et
374 3523 597 3608 intelliguntur,
612 3520 762 3587 varianda
775 3535 858 3601 suot,
882 3545 923 3588 ne
936 3537 992 3588 aut
1007 3523 1125 3590 auimo-

151 3649 219 3697 runr
239 3625 363 3714 judiciis
389 3624 600 3716 repudientur,
625 3635 680 3696 eut
706 3626 825 3700 aurium
852 3626 1009 3703 satiatae,
1051 3625 1125 3702 Duo
1202 3658 1208 3698 a
