2458 3972
333 199 374 242 an
390 199 538 243 carrona
554 201 650 244 crana
665 201 815 246 suarius.
996 179 1056 246 20l
1105 235 1111 248 .

92 356 142 409 tus
157 353 188 408 et
203 365 336 428 sapiens,
359 367 428 412 esse
453 357 556 411 orator
572 357 683 432 potest.
727 349 837 420 Quare
852 347 1108 420 Coracemts
1190 419 1195 427 ‚

93 463 159 512 tum
177 461 308 512 vestrum
325 451 477 532 patiamur
489 471 544 515 nos
557 451 681 535 quidem
697 451 797 536 pullos
812 472 883 516 suos
894 451 1081 526 excludere
1083 423 1181 522 ff
1181 502 1194 536 ,

93 552 124 614 in
141 552 224 626 nido,
236 573 286 634 qm
279 553 432 629 ',evolent
444 554 630 618 clamatores
645 554 743 638 odiosi
755 575 794 620 ao
807 554 946 619 molesti·
912 603 949 660 3
968 554 1079 618 Pam·
1073 595 1101 641 ,
1186 615 1195 644 f

94 655 273 737 philumque
299 655 404 720 nescio
420 677 512 738 quern
527 658 663 721 sinamus
678 658 708 721 in
724 651 826 721 intutis'
847 624 967 722 tandm
957 623 1127 735 ‘'ieni,
1136 652 1145 672 ¹
1150 645 1209 695 Ψ)

93 771 244 838 tanquam
270 759 399 842 pueriles
424 760 551 824 delicias
576 760 703 842 aliquas,
728 761 915 845 depingere.
941 779 1060 843 nosque

94 861 152 944 ipsi
179 861 237 924 hac
253 872 316 924 tam
343 862 453 948 exigurl
477 865 688 948 disputatione
713 859 847 930 hesterni
872 874 903 928 et
920 863 1059 928 hodierni

94 964 156 1026 diei
173 975 270 1027 totum
288 967 415 1029 oratoris
432 988 541 1030 munus
553 967 753 1058 explicemus,
764 969 933 1031 dummodo
950 967 999 1030 illu
1011 989 1060 1032 res

95 1079 185 1133 tanta
198 1069 246 1142 sit,
271 1076 304 1129 ut
318 1071 461 1134 omnibus
487 1068 739 1153 philosophorum
755 1070 846 1146 libris,
871 1091 948 1152 quos
967 1091 1061 1135 nemo

94 1182 254 1232 oratorum
270 1172 394 1235 istorum
412 1193 549 1256 unquam
565 1173 676 1258 attigit,
699 1173 924 1256 comprehensa
939 1195 1008 1240 esse
1021 1173 1062 1238 vi·

95 1272 217 1336 deutur.
780 1337 783 1342 ,

138 1375 243 1440 XXII.
266 1375 351 1452 Tum
365 1377 504 1455 Catulus,
530 1378 791 1462 Haudquzlquam,
817 1378 931 1456 hercle,
956 1345 1063 1460 induit,

80 1479 219 1560 ,Crasse
246 1481 419 1544 mirandum
445 1493 501 1558 est,
525 1504 593 1546 esse
609 1481 639 1546 in
665 1494 697 1546 te
723 1493 842 1546 tantam
862 1481 986 1546 dicendi
1013 1482 1061 1546 vel

95 1584 169 1660 vim,
195 1583 242 1648 vel
257 1585 451 1662 suavitatem,
476 1585 523 1649 vel
546 1588 692 1670 copiam3
713 1605 805 1668 quem
830 1585 955 1668 quidem
970 1598 1063 1650 antea

95 1686 208 1751 nature
232 1688 322 1751 rebar
336 1688 380 1752 ita
395 1689 508 1766 dicere,
533 1700 567 1752 ut
583 1689 656 1753 mihi
671 1711 734 1753 non
750 1689 847 1754 solum
864 1703 968 1754 orator
982 1711 1063 1754 sum·

96 1791 239 1866 mus,sed
255 1790 350 1855 etiam
364 1791 606 1875 sapientissimus
620 1792 725 1871 homo,
740 1794 893 1857 viderere:
919 1813 1003 1857 nunc
1017 1793 1062 1857 in-

97 1893 215 1980 telligo,
231 1893 280 1958 illa
297 1907 327 1958 te
342 1917 464 1980 semper
479 1897 572 1960 etiam
585 1898 706 1980 potiora
721 1897 852 1973 duxisse,
877 1917 947 1978 quae
962 1897 1001 1961 ad
1017 1918 1064 1961 sa·

98 1997 247 2081 pientiam
263 2009 451 2081 spectarent,
474 2010 568 2082 utque
583 2020 620 2062 ex
636 1999 681 2063 his
697 2000 778 2063 hano
793 1999 915 2063 dicendi
938 1999 1067 2084 copiam

97 2101 231 2167 fluxisse.
275 2102 339 2166 Sed
354 2113 471 2178 tamen,
496 2105 566 2166 cum
582 2123 691 2166 omnes
710 2102 825 2186 gradus
840 2102 939 2164 aetatis
964 2121 1064 2166 recor·

7 2189 8 2194 Ψ
96 2205 390 2288 dortuae,ei1mque
406 2205 500 2268 vitam
522 2216 608 2268 tuam
624 2226 663 2269 ac
677 2203 779 2268 studia
804 2203 967 2267 considero
981 2227 990 2280 3
1011 2224 1065 2267 ne·

98 2329 172 2392 que,
186 2328 247 2390 quo
270 2315 411 2394 te'mpore
434 2307 491 2371 ista
506 2308 658 2386 didiceris,
673 2307 774 2384 video,
799 2327 858 2370 nec
874 2327 1064 2392 magnopere

97 2423 132 2477 te
148 2410 210 2474 istis
225 2412 343 2488 studiis,
368 2411 552 2488 hominibus,
566 2411 659 2489 libris,
681 2411 818 2496 intelligo
833 2412 992 2489 deditum3
1013 2431 1066 2476 ne·

98 2535 162 2598 qua
178 2527 282 2579 tamen
301 2537 429 2599 possam
452 2527 597 2592 statuere,
612 2517 711 2579 utrum
729 2515 829 2602 magis
846 2516 945 2593 mirer,
958 2527 989 2581 te
1005 2515 1066 2594 illa,
1133 2575 1136 2584 .

99 2639 172 2704 quae
187 2619 261 2682 mihi
285 2620 453 2702 persuades
475 2619 608 2684 maxima
623 2641 690 2684 essa
717 2620 905 2704 adjumenta,
930 2618 1066 2703 potuisse

99 2722 133 2784 in
149 2723 208 2785 tuis
225 2723 319 2784 tantis
334 2723 591 2804 occupationibus
603 2725 799 2807 perdiscere3
821 2742 872 2799 an,
896 2721 921 2785 si
935 2725 997 2784 n'on
1014 2742 1068 2804 po·

100 2826 205 2901 tueris,
227 2845 319 2908 posse
334 2825 392 2889 isto
409 2825 502 2888 modo
516 2826 631 2889 dicere.
674 2825 736 2892 Hic
752 2825 890 2900 Crassus,
916 2823 988 2887 Hoc
1002 2825 1068 2901 tibi,

101 2930 212 3012 inquit,
227 2929 351 3005 Catule,
364 2928 494 3013 primum
508 2930 696 3011 persuadeas
712 2927 813 3004 velim,
833 2948 882 2991 me
897 2947 959 2990 non
971 2926 1070 2990 multo

99 3054 192 3102 secus
208 3033 322 3111 fucere,
347 3036 417 3096 erim
433 3033 473 3097 do
498 3045 620 3096 oratore
642 3033 795 3116 disputem
819 3053 856 3096 ac
872 3029 1019 3109 lacerem,
1044 3031 1069 3096 si

100 3149 186 3204 esset
216 3137 287 3200 mihi
313 3137 355 3200 de
390 3136 535 3200 histrione
561 3135 739 3200 dicendum.
792 3135 950 3220 Negarem
976 3135 1070 3212 anim,

103 3263 197 3329 posse
219 3263 290 3306 eum
305 3240 484 3305 satisfacere
499 3240 529 3317 in
544 3250 644 3324 gestu,
659 3237 715 3302 nisi
731 3237 917 3323 pulaestrom,
941 3237 998 3301 nisi
1012 3239 1071 3303 sal·

75 3357 83 3372 '
102 3361 173 3412 tare
184 3345 361 3410 didicisset:
384 3365 495 3427 neque,
510 3365 548 3408 ea
563 3346 635 3406 clim
646 3341 793 3418 dicarem,
808 3363 858 3405 me
873 3362 939 3406 esse
954 3340 1072 3406 histrio·

104 3470 178 3515 nem
195 3440 324 3512 necesse
339 3457 430 3522 esset,
455 3447 509 3510 sed
525 3445 654 3510 sortasse
676 3466 738 3509 non
753 3444 880 3508 stultum
896 3444 986 3509 alieni
1002 3443 1072 3509 arti·

106 3551 169 3618 ficii
183 3549 436 3620 existimatorem.
481 3547 626 3614 Similiter
651 3568 734 3613 nuno
749 3549 789 3612 de
815 3558 949 3624 oratore,
969 3559 1072 3612 vestro

105 3654 251 3742 impulsu,
267 3652 518 3737 loquor,summo
529 3649 666 3718 seilicet:
686 3671 807 3738 semper
822 3651 915 3729 enim,
936 3649 1072 3733 quecun·
