2400 3980
340 126 385 172 nn
400 125 549 170 octnoan
565 124 661 168 utana
677 123 804 168 asinus.
1013 108 1053 164 53

76 271 277 359 praclatius,
292 275 387 358 quam
399 269 791 354 nonoribusatrsipublica
805 265 980 336 munoribus
990 286 1058 352 pcr-

78 380 229 446 functum
243 399 364 456 senam,
375 399 467 463 possa
481 399 536 442 suo
547 377 616 462 jurc
637 374 741 440 dicata
756 373 849 450 idom,
873 373 957 456 quod
973 371 1057 455 apud

80 484 228 550 Ennium
242 483 330 548 dicat
344 483 394 550 illo
409 481 535 567 Pythius
547 479 670 566 Apollo,
682 499 715 544 sa
724 498 792 544 essa
806 497 888 552 eum,
898 476 981 542 unda
990 474 1058 550 sibi,

80 585 105 650 si
119 610 191 652 non
209 587 318 672 populi
337 597 371 652 et
385 606 484 672 roges,
506 596 539 649 at
553 589 661 650 omn'cs
675 581 722 647 sui
737 579 820 646 cives
834 578 995 646 consiiimn
1009 599 1058 644 cn-

81 703 213 774 petant,
592 697 599 730 ²

275 814 379 864 Sumus
387 827 470 864 ratum
480 813 578 861 incerti:
595 826 655 874 quon
665 825 712 876 ogo
720 810 832 872 metopo
842 823 875 860 cx

275 896 378 944 Incertis
388 902 474 952 cantos,
485 899 653 964 compotesque
664 891 748 943 counit
767 893 812 958 laq
818 883 870 966 ,52⁹

274 978 383 1035 Dimitte,
395 983 422 1025 ut
432 991 463 1026 no
472 991 511 1026 ras
521 974 612 1025 tamara
624 980 727 1025 tractent
737 969 851 1024 turbidas.

15 1147 17 1216 s
87 1117 146 1183 Est
161 1117 251 1182 enim
265 1116 331 1182 sina
346 1117 439 1181 dubio
454 1117 564 1181 domus
575 1114 783 1200 jurisconsulti
794 1115 887 1182 totius
902 1117 1062 1182 oraculum

86 1221 237 1286 civitatis.
281 1221 384 1286 Testis
399 1232 445 1285 est
460 1219 645 1305 nujuscau.
662 1219 759 1286 Mucii
770 1220 867 1304 janua
886 1233 919 1288 ct
931 1221 1064 1288 vestibu-

88 1324 165 1404 lum,
181 1325 265 1406 quod
281 1324 312 1388 in
324 1324 388 1408 ejus
399 1322 602 1388 infirmissima
615 1322 802 1399 valetudine,
817 1324 990 1407 affectaque
998 1328 1064 1410 jain

88 1441 200 1504 aetate,
210 1426 347 1492 maxima
357 1426 494 1508 quotidie
505 1424 678 1508 frequentia
689 1424 811 1504 civium,
823 1448 862 1492 ac
876 1447 1065 1492 summorum

91 1531 259 1597 hominum
273 1531 438 1614 splendore
452 1529 636 1595 celebratur.

136 1634 255 1698 XLVI.
278 1634 350 1698 Jam
374 1635 447 1699 vcro
462 1634 513 1698 illa
527 1655 591 1698 non
606 1633 734 1718 longam
748 1634 922 1700 orationem
947 1637 1067 1704 deside·

91 1737 1067 1825 nant,quamobrcmonistimcmpublicaquoquajura,quaesunt

94 1842 224 1927 proptia
249 1841 381 1906 civitatis
396 1853 489 1924 atquo
504 1842 633 1927 imperii,
659 1855 725 1906 tum
739 1858 942 1910 monumenta
966 1869 1068 1912 reruni

95 1960 267 2032 gestarum,
276 1955 307 2010 ct
319 1945 479 2010 vetustatis
490 1947 768 2041 exempla,oratori
778 1960 853 2013 nota
864 1971 931 2014 cse
942 1950 1066 2016 debota.

98 2050 194 2127 Nam,
204 2061 237 2114 ut
246 2049 277 2112 in
290 2069 389 2114 rerum
401 2049 588 2137 privatarum
600 2050 701 2114 causis
714 2062 806 2131 atque
816 2052 950 2136 judiciis,
959 2055 1069 2139 dcpro·

98 2156 216 2220 menda
230 2156 313 2238 soepo
336 2154 434 2218 oratio
456 2165 503 2218 est
517 2175 555 2218 ax
566 2154 634 2237 juta
649 2151 739 2229 civili,
755 2153 928 2230 etidcirco,
947 2169 981 2220 ut
996 2162 1068 2222 autc
1109 2211 1114 2226 .

97 2258 242 2334 diximus,
268 2259 382 2322 oratori
401 2258 476 2342 juris
491 2256 586 2321 civilis
601 2254 731 2320 scientia
746 2257 923 2322 necessaria
937 2271 1003 2336 est3
1024 2261 1069 2326 sic

99 2362 131 2426 in
148 2362 249 2427 causis
265 2361 393 2446 publicis
401 2361 596 2446 judiciorum,
607 2358 806 2437 concionum,
821 2362 957 2442 senatus,
969 2367 1069 2432 omnis
1098 2377 1100 2382 '

100 2467 170 2531 haec
185 2478 217 2531 ot
232 2465 423 2548 antiquitatis
438 2464 598 2542 memoria,
623 2475 654 2530 ct
669 2465 784 2550 publici
795 2465 869 2552 juris
890 2473 1070 2549 auctoritas,

98 2581 134 2636 ct
148 2571 294 2655 regandae
310 2569 486 2654 reipublicae
508 2569 587 2634 ratio
604 2591 641 2634 ac
666 2570 807 2649 scicntia,
833 2584 984 2656 tanquam
1009 2578 1071 2643 alia

101 2674 257 2750 materies,
279 2673 313 2738 iis
329 2673 510 2756 oratoribus,
535 2673 587 2755 qui
601 2687 759 2740 versantur
774 2675 805 2740 in
821 2677 988 2760 republica,
1002 2683 1071 2748 sub·

97 2781 186 2864 jecta
200 2799 267 2870 cssc
283 2778 407 2843 debent.
451 2777 524 2842 Non
542 2777 625 2842 enini
640 2778 830 2842 causidicum
845 2781 952 2846 nescio
967 2803 1071 2864 quem,

101 2904 204 2967 nequa
218 2881 478 2966 proclamatorcm
494 2892 547 2945 aut
558 2881 708 2957 tabulam,
730 2881 791 2944 hoc
805 2903 949 2950 sermone
964 2901 1070 2956 nostro
1123 2967 1126 2976 ,

103 2986 321 3069 conquirimus,
346 2986 401 3050 sod
416 3005 487 3050 cum
501 2983 609 3060 virum,
634 2984 686 3065 qui
710 2983 843 3068 primum
858 2986 896 3052 nit
918 2991 982 3076 ejus
998 2995 1071 3060 attis

106 3090 243 3167 antistes,
254 3091 339 3175 cujus
354 3091 424 3154 cum
441 3088 507 3173 ipsa
521 3097 633 3152 natura
648 3107 797 3172 magnam
812 3090 929 3159 homini
943 3097 1071 3165 faculta-

108 3208 171 3259 tem
184 3195 283 3271 daret,
297 3207 404 3258 tamen
414 3214 483 3258 csso
496 3193 572 3258 deus
584 3191 760 3275 putabatur,
771 3207 805 3260 ut
816 3207 847 3260 et
861 3197 972 3282 ipsum,
987 3203 1070 3283 quod

108 3309 173 3364 orat
187 3295 318 3362 hominis
333 3295 498 3380 proprium,
524 3316 587 3360 non
602 3307 724 3380 partum
739 3317 794 3380 psr
809 3319 875 3376 nos,
897 3305 952 3366 ssd
967 3304 1072 3370 divini·

110 3413 156 3465 tus
171 3401 210 3465 ad
237 3421 293 3464 nos
308 3398 445 3464 delatum
469 3399 641 3466 videretur:
663 3398 787 3478 deinde,
801 3403 853 3483 qui
878 3407 983 3487 possit,
1009 3429 1072 3472 non

110 3517 173 3570 tam
188 3503 340 3578 caduceo,
355 3505 446 3584 quam
461 3503 587 3570 nomino
598 3501 728 3571 oratoris
743 3515 879 3582 ornatus,
900 3507 1071 3585 incolumis,

111 3607 157 3674 uel
171 3608 249 3672 inter
263 3603 485 3684 hostium-tela,
498 3608 631 3674 versari:
653 3618 730 3685 tum,
744 3606 795 3690 qui
809 3607 909 3674 scelus
920 3610 1072 3675 fraudem-

561 3711 600 3772 5*
