2466 3966
140 103 198 162 156
360 119 403 164 os
420 117 574 166 ‘osannae
591 117 688 162 arser
712 115 889 162 srooroos.
929 181 931 191 Ι

137 285 197 350 que
213 267 297 332 modi
319 283 418 352 genus
442 265 561 332 ridiculi
583 265 682 330 vultus
707 266 812 332 atium·
830 263 1110 331 incommodatur:

139 372 191 453 qui
206 372 331 452 quidem
347 372 410 453 qud
424 369 558 441 severior
582 381 629 434 est
643 380 676 434 et
690 370 814 448 tristior,
828 382 864 434 ut
884 371 914 434 in
931 380 973 446 te,
988 369 1113 446 Crasse,

139 475 200 540 hoc
215 475 277 552 illa,
291 496 360 558 quae
375 476 528 551 dicuntur,
540 474 668 538 salsiora
683 472 778 538 videri
793 475 903 540 solent.
1206 463 1209 470 ’

182 580 246 644 Sed
258 572 382 665 jamlu,
398 579 525 654 Antoni,
539 579 590 660 qui
606 578 667 642 hoc
688 577 857 644 diversorio
872 577 1022 642 sermonis
1047 577 1110 641 mei

138 683 270 748 libenter
287 684 625 768 acquieturumteesse
651 681 762 759 dixisti,
784 693 934 764 tanquam
950 681 982 745 in
998 681 1131 760 Pomtig

139 809 215 853 rrum
230 788 397 863 diverteris,
421 807 522 868 oeque
535 807 694 850 amoenum
707 807 809 869 neque
831 786 987 852 salubrem
996 786 1113 862 locum,

141 909 256 957 censeo
279 903 315 955 ut
328 891 404 954 satis
426 890 479 954 diu
494 901 525 954 te
540 899 631 973 putes
653 889 818 974 requiesse,
843 901 876 956 et
890 891 948 954 iter
960 889 1113 972 reliquunt

141 996 297 1060 conficere
311 1015 432 1080 pergas.
477 995 548 1078 Ego
560 994 644 1071 verri,
669 1005 764 1076 atque
789 995 885 1060 hilare
900 995 1027 1080 quidem
1047 1005 1114 1058 ate

143 1109 303 1183 acceptus,
319 1100 426 1181 inquit,
440 1111 471 1163 et
487 1102 560 1163 oum
572 1099 694 1163 doctior
709 1121 764 1183 per
779 1109 821 1176 te,
832 1110 898 1162 tum
911 1099 1007 1164 etiam
1019 1099 1114 1162 auda·

142 1205 207 1268 cior
230 1203 332 1268 factus
357 1223 426 1266 sum
440 1204 481 1266 ad
503 1203 685 1288 jocandum.
729 1203 804 1267 Non
829 1202 917 1267 enim'
932 1187 1050 1280 vereor,
1072 1203 1114 1267 ire

142 1307 210 1391 quis
227 1329 276 1372 me
292 1309 323 1372 in
349 1309 408 1372 isto
433 1329 549 1392 genere
574 1307 722 1372 leviorem
745 1309 811 1394 jam
839 1305 1115 1392 putet,·quoniom

142 1413 269 1496 quidem
283 1423 316 1476 tu
331 1412 491 1476 Fabricios
508 1411 582 1476 mihi
597 1423 752 1490 auctores,
767 1424 799 1476 at
814 1412 990 1488 Africanos,
1015 1410 1116 1475 Maxi·
1215 1451 1216 1500 ἢ

144 1539 222 1593 mos,
238 1517 386 1590 Catones,
399 1517 535 1600 Lepidos
551 1516 713 1600 protulisti.
757 1517 821 1580 Sed
838 1516 959 1580 habetis
980 1537 1029 1592 ea,
1043 1536 1116 1599 quae
1211 1507 1216 1584 l

143 1619 280 1684 voluistis
295 1643 332 1683 ex
348 1643 398 1682 me
414 1619 531 1695 audire,
545 1621 585 1683 de
599 1621 711 1702 quibus
735 1620 860 1700 quidem
882 1622 1056 1684 eneruatius
1072 1621 1118 1684 di-

144 1725 278 1788 cendum
293 1735 324 1786 et
340 1723 543 1806 cogitandum
555 1723 629 1786 fuit:
653 1745 724 1786 nam
741 1733 857 1786 caetera
871 1723 1011 1786 dociliora
1032 1737 1117 1801 sunt,

145 1837 240 1909 atque
266 1847 304 1890 ex
329 1825 375 1902 iis,
400 1846 469 1908 quae
491 1826 557 1910 jam
582 1825 668 1888 dieto
694 1837 775 1902 sunt,
802 1825 920 1908 reliqua
945 1840 1118 1892 nascuntur
1211 1831 1216 1912 ζ

118 1931 259 2046 lomnia.
1215 1915 1216 1948 ³

110 2029 151 2117 ᾗ
188 2034 322 2100 LXXll.
345 2035 416 2120 Ego
443 2034 621 2099 enimcum
646 2035 686 2100 ad
712 2056 842 2100 causam
857 2057 923 2100 sum
941 2055 1118 2121 aggressus,
1215 2071 1216 2080 .

147 2153 241 2225 atque
256 2141 362 2206 omnia
377 2140 558 2224 cogitando,
573 2140 676 2222 quoad
692 2140 906 2232 sacerepotui,
921 2153 1119 2225 persecutum

146 2249 220 2310 curn
242 2258 273 2310 at
297 2255 480 2328 argumenta
495 2265 609 2321 causae,
624 2256 655 2307 et
670 2266 724 2308 eos
739 2245 825 2310 locos
840 2245 950 2329 quibus
966 2245 1059 2309 animi
1071 2244 1118 2328 ju-

51 2385 54 2390 ·
147 2351 253 2414 dicum
267 2348 482 2424 conciliantur,
502 2360 534 2411 et
545 2347 612 2411 illos
626 2349 736 2429 quibus
752 2361 980 2432 permoventur,
995 2349 1055 2412 vidi
1072 2361 1117 2412 at-

38 2468 40 2477 *
147 2473 208 2534 que
220 2451 375 2534 cognovi3
395 2463 461 2513 tum
472 2449 638 2526 constituo,
653 2453 726 2534 quid
742 2452 858 2518 lrabeat
874 2475 1004 2536 quaeque
1020 2471 1118 2516 causa
1215 2459 1216 2478 ¹

147 2555 234 2631 boni,
249 2553 322 2636 quid
337 2552 420 2621 mali.
464 2553 494 2616 N
497 2553 558 2617 ulla
573 2553 656 2616 enim
671 2555 733 2619 fara
759 2579 807 2620 res
823 2570 926 2640 potest
943 2556 974 2622 in
989 2555 1116 2621 dicendi

149 2657 409 2743 disceptationem
436 2667 489 2720 aut
503 2659 745 2722 controversiam
769 2661 884 2737 vocari,
899 2682 969 2744 quae
984 2683 1046 2724 non
1064 2659 1118 2724 ha-

148 2765 224 2828 beat
239 2775 418 2844 utrumque:
440 2761 506 2838 sed,
520 2773 670 2846 quantum
696 2764 823 2841 habeat,
847 2765 878 2828 id
894 2765 995 2828 refert.
1039 2764 1117 2845 Mea

150 2880 254 2933 autem
271 2869 349 2931 ratio
364 2868 393 2930 in
410 2867 544 2931 dicendo
556 2867 624 2931 haeo
639 2889 705 2932 esse
718 2868 806 2944 solet,
818 2879 861 2944 ut,
875 2865 950 2930 boni
964 2868 1046 2948 quod
1064 2867 1117 2932 ha·
1147 2886 1161 2926 κ

76 3007 80 3020 =
149 2973 235 3047 beat,
250 2973 279 3034 id
290 2971 471 3055 amplectar,
483 2993 640 3049 exornem,
651 2991 857 3056 exaggerem,
878 2970 920 3034 ibi
931 2990 1117 3051 commorer,
1215 2991 1216 2994 ’

151 3075 194 3138 ibi
205 3073 354 3151 habitem,
365 3075 406 3136 ibi
422 3075 575 3139 haeream:
598 3077 715 3139 amalo
737 3087 841 3170 sutem
862 3075 997 3158 vitioque
1013 3099 1117 3142 causae
1212 3151 1216 3158 ,

150 3179 195 3243 ita
209 3180 364 3255 recedam,
376 3200 438 3242 non
453 3190 487 3243 ut
502 3180 595 3244 idme
610 3179 756 3264 defugere
772 3191 933 3272 apparent,
947 3182 1002 3245 sed
1026 3194 1060 3245 ut
1072 3194 1117 3248 to·
1215 3267 1216 3270 Ἴ

111 3279 135 3370 '‚
152 3295 228 3362 tum,
237 3285 321 3348 bono
336 3283 386 3347 illo
398 3283 538 3348 ornando
554 3295 586 3348 et
601 3283 745 3366 augendo
757 3283 992 3363 dissimulatum,
1007 3285 1117 3352 obrua-
1215 3289 1216 3330 3

152 3399 210 3453 tur.
254 3388 305 3464 Et,
320 3389 345 3452 si
359 3409 456 3453 eausa
470 3399 517 3452 est
532 3388 561 3451 in
578 3387 787 3472 argumentis;
804 3389 1117 3472 firmissimaquaeque
1215 3435 1216 3452 .

153 3492 287 3556 maxime
301 3503 400 3566 tueor,
421 3491 484 3556 sive
510 3491 607 3575 pluro
622 3502 702 3569 sunt,
716 3491 779 3558 sive
795 3493 919 3579 aliquod
936 3514 1049 3560 unum:
1069 3495 1117 3562 sin

154 3606 258 3662 autem
273 3595 304 3660 in
319 3585 548 3692 conciliatione,
568 3595 666 3660 autin
681 3599 875 3680 permotione
890 3619 985 3664 causa
997 3609 1054 3678 est,
1075 3601 1114 3666 ad
1215 3601 1216 3656 ἶ
