2466 3966
130 131 187 192 130
350 151 392 194 ns
415 149 565 194 onnnonc
582 151 679 193 crana
703 121 902 193 snconnus.‘

168 297 285 363 XLIX.
310 299 574 370 Quodnnivsensi
590 307 642 364 rne'
656 298 685 363 in
710 298 906 384 possessione
924 297 1043 383 judicii,
1065 317 1104 360 ac

125 402 314 468 defensionis
325 401 1103 525 meaeconstitippeiwquddetpopulibenevolentiam
1208 475 1219 488 ι

107 535 109 542 ,
125 507 200 571 mihi
211 509 423 586 concilidram,
436 510 523 594 cujus
530 495 581 594 pud
592 523 688 573 etrum
701 530 774 574 curn
786 507 945 574 seditionis
957 506 1105 590 conjunc·

124 610 435 705 tionedefenderam3
450 626 482 678 nt
486 613 628 698 judicum
638 614 861 690 animostotos,
869 610 1105 677 velcalomitnte

123 714 268 794 civitatis,
289 717 337 782 vel
359 717 444 781 luctu
465 739 504 780 nc
518 715 672 780 desiderio
688 717 945 820 propinquorum,
967 715 1015 780 vel
1031 713 1105 779 odio
1126 707 1128 718 '
1226 771 1228 794 ,

124 823 249 906 proprio
265 821 294 884 in
311 820 495 905 Caepionem
514 822 554 884 ad
570 821 700 885 cansam
715 831 855 884 nostram
869 833 1107 896 converteram

123 923 393 989 tnncadmiscere
417 925 489 1012 huic
510 926 618 1010 generi
641 923 790 990 orationis
806 924 985 989 vehementi
1009 935 1106 1006 atque
1212 997 1217 1006 ι

108 1049 110 1054 ·
124 1028 223 1093 atroci
238 1031 337 1112 ge'nus
352 1027 426 1092 illud
443 1029 587 1106 alterum,
600 1030 640 1094 de
656 1051 719 1113 quo
732 1030 804 1092 ante
817 1028 981 1112 disputavi,
997 1027 1106 1092 lenite·

123 1132 206 1197 tis'et
222 1133 468 1198 mansuetudinis
484 1135 588 1220 coepi,
609 1155 660 1198 me
676 1155 732 1218 pro
750 1153 821 1197 meo
836 1131 946 1208 sodali,
961 1131 1015 1215 qui
1031 1129 1106 1195 mihi

23 1241 24 1244 ’
124 1239 154 1301 in
170 1237 300 1302 liberdm
313 1237 386 1302 loco
401 1259 488 1304 more
505 1239 659 1324 majorum
674 1261 742 1304 csse
757 1238 898 1314 deberet,
913 1248 946 1302 et
961 1257 1018 1322 pro
1034 1235 1105 1299 mea

124 1344 210 1408 omni
224 1343 309 1406 lamb
325 1345 422 1428 prope
442 1343 634 1428 fortunisque
657 1345 847 1420 decernere3
869 1341 943 1406 nihil
965 1340 1041 1405 rnihi
1064 1341 1105 1402 ad

124 1448 388 1513 existimationem
402 1448 531 1534 turpius,
553 1447 626 1512 nibil
650 1450 690 1514 ad
707 1448 849 1514 dolorem
864 1445 1008 1536 acerbius
1024 1444 1107 1509 acci·
1131 1493 1137 1502 ,

124 1554 198 1617 dere
219 1573 321 1636 posse,
343 1553 478 1635 qudnrpi
492 1553 527 1629 is,
550 1553 602 1634 qui
618 1557 703 1638 saepe
720 1551 915 1616 alienissimis
931 1572 950 1614 a
966 1571 1028 1626 mc,
1049 1549 1104 1612 sed

124 1657 201 1718 meis
216 1666 324 1719 tomen
340 1655 468 1730 civibus,
482 1654 574 1716 saluti
589 1656 781 1716 existimarer
796 1655 900 1730 fnisse,
916 1653 1016 1718 sodali
1032 1673 1105 1717 meo

124 1757 270 1822 auxilium
286 1757 365 1820 serre
380 1777 443 1820 non
460 1755 641 1838 potuissem.
686 1755 840 1819 Petebam
855 1777 875 1817 n·
887 1755 1054 1840 judicibus,
1070 1768 1104 1819 ut

123 1861 196 1926 illud
213 1860 299 1923 retati
315 1879 405 1935 meae,
419 1867 452 1922 ut
468 1855 649 1935 bonoribus,
664 1869 698 1922 ut
709 1857 801 1922 rebus
812 1858 958 1942 gestis,'si
969 1858 1064 1943 justo,
1078 1861 1104 1923 si

123 1967 176 2052 pio
188 1964 295 2030 dolore
307 1984 358 2028 mc
370 1984 438 2056 esse
451 1961 600 2027 affectum
613 1963 764 2040 viderent,
776 1963 1005 2044 concederent5
1020 1985 1104 2048 -prae—
1155 2001 1157 2004 -

67 2143 71 2148 ,
123 2071 228 2136 sertim
244 2069 268 2133 si
284 2069 315 2132 in
331 2067 513 2145 nliiscausis
529 2066 760 2144 intellexissent,
783 2067 891 2132 omnia
913 2087 963 2134 me
978 2089 1104 2152 semper
1198 2151 1205 2166 ,

123 2175 368 2270 pro'anricorum
383 2171 536 2257 periculis,
551 2170 625 2250 nihil
642 2192 779 2256 unquam
792 2169 849 2256 pro
861 2173 981 2257 meipso
994 2174 1103 2258 depre-

123 2290 239 2342 catum.
285 2277 339 2342 Sic
354 2277 385 2340 in
395 2276 451 2348 ,iltt
466 2276 551 2340 omni
566 2275 748 2342 defensione
772 2290 867 2360 atque
889 2277 995 2354 causd,
1017 2278 1102 2359 qnod

123 2403 191 2446 esse
206 2383 236 2444 in
254 2391 320 2443 arte
335 2381 471 2463 positum
487 2379 666 2457 videbatur,
682 2391 716 2444 ut
730 2380 770 2445 de
785 2380 856 2466 lege
872 2381 1004 2465 Apuleid
1019 2382 1102 2447 dice·
1127 2379 1130 2386 ’

123 2494 254 2570 rem,ut,
265 2483 340 2565 quid
354 2493 436 2558 esset
448 2483 586 2546 minuere
599 2484 808 2566 majestatem,
819 2484 1020 2568 explicarem,
1035 2505 1102 2569 per-

62 2606 63 2613 *
123 2607 218 2670 qunm
235 2585 367 2649 breviter
381 2585 542 2668 perstrinxi
559 2595 653 2667 atque
669 2586 767 2670 attigi.
814 2586 871 2650 His
886 2588 1008 2652 duabus
1032 2610 1102 2673 par·

122 2691 204 2755 tibus
222 2689 392 2766 orationis,
427 2681 558 2772 qda'rum
589 2687 688 2754 altera
717 2689 963 2757 concitationem
994 2692 1101 2769 habet,

123 2795 221 2860 altera
250 2793 571 2870 commendationem,
602 2813 673 2876 quae
703 2791 829 2858 minimo
858 2793 1025 2878 praeceptis
1054 2817 1114 2878 nr·¹

122 2899 198 2962 tium
214 2910 285 2963 suot
305 2897 477 2984 perpolite,
499 2896 600 2962 omnis
622 2908 670 2962 est
693 2919 712 2962 a
734 2909 784 2963 me
799 2897 851 2962 illa
874 2918 971 2983 causa
987 2903 1124 2963 tracta·'

122 3013 166 3078 ta,
187 3013 221 3064 ut
241 3013 273 3066 et
289 3002 457 3066 acerrimus
482 3001 512 3066 in
530 3001 687 3086 Caepionis
713 3001 826 3066 invidit
852 3002 1042 3078 renovando,
1068 3017 1101 3068 et

121 3107 153 3169 in
185 3105 261 3168 meis
293 3104 429 3169 moribus
463 3127 540 3191 erga
566 3127 652 3171 meos
679 3108 871 3170 necessarios
902 3104 1101 3172 declarandis

64 3286 68 3296 .
122 3207 388 3272 mansuetissimus
413 3209 541 3275 viderer.
585 3210 634 3274 lta
661 3208 763 3294 magis
787 3209 908 3276 affectis
924 3211 1035 3276 animis
1053 3211 1101 3296 ju-

121 3313 238 3389 dicum,
259 3314 353 3394 quarn
368 3312 489 3399 doctis3
510 3327 574 3408 tua,
602 3313 732 3398 Sulpici,
754 3327 802 3380 est
817 3315 941 3380 anobis
956 3328 1022 3380 turn
1048 3297 1114 3380 aes

121 3416 243 3481 curatio
258 3417 351 3482 vieta.

162 3519 199 3585 L.
223 3517 286 3584 Hic
308 3519 474 3604 Sulpicius,
496 3520 587 3604 llere,
610 3522 744 3601 hercule,
765 3524 876 3608 inquit,
890 3524 1018 3599 Antoni,
1039 3523 1098 3590 ista

118 3641 367 3694 commemoras:
390 3643 464 3692 nam
479 3645 539 3716 ego
556 3625 629 3694 nibil
644 3647 783 3717 unquam
799 3629 870 3706 vidi,
886 3630 974 3714 quod
997 3641 1062 3698 toro
1078 3651 1098 3702 o

1200 3175 1205 3188 Ι

1178 3245 1186 3257 .

1208 3453 1221 3472 1¹

1227 3691 1228 3704 l
