2466 3966
169 131 211 186 82
286 137 294 144 ’
352 128 428 187 ‘on
451 142 603 186 onerosa
627 140 726 186 trans
749 138 931 185 ssconnus.
1033 137 1038 142 ·

146 277 233 373 Tque
255 289 314 353 'itta
339 289 468 370 quidem
491 288 687 364 conditione,
697 287 759 350 “sei
780 297 813 350 nt
829 287 959 350 verbum
985 283 1110 348 nulium
1127 285 1185 348 fa-

148 371 153 387 ’
170 379 271 468 ceres,
292 411 343 455 me
359 403 494 454 teneres.
527 367 604 458 ,itte
620 389 752 452 Catulus
768 388 888 465 arrisit,
910 397 943 452 et
957 385 1060 460 simui,
1087 385 1190 448 Prae-

114 531 122 559 ι
170 494 248 569 cisa,
263 493 374 574 inquit,
390 493 464 556 mihi
481 493 610 574 quidem
630 491 789 554 dubitatio
810 501 868 566 est,
892 488 1045 571 quoniam
1062 507 1186 570 neque

171 595 259 658 domi
286 595 486 678 imperaram,
512 605 545 656 et
561 594 624 669 hio,
639 593 725 675 apud
742 605 837 674 quern
850 613 937 655 eram
952 591 1084 679 iuturus,
1101 591 1186 656 sirie

173 697 246 762 meai
257 695 415 760 sententiis
431 706 498 758 tum
513 695 605 759 iuoile
619 695 772 779 promisit.

179 811 182 818 ⁴
215 799 301 861 Tum
318 814 430 860 omues
445 796 597 859 oeulosin
619 795 794 876 Antonium
815 795 1037 878 conjecerunt:
1060 805 1094 857 et
1109 795 1185 872 itte,

129 949 146 966 ,
172 899 292 964 Audite
306 898 392 974 vero,
420 897 538 974 audite,
550 897 672 980 inquit:
700 896 862 961 hominem
877 897 963 960 enim
979 895 1115 959 audietis
1133 897 1185 962 de

171 1000 294 1076 schola,
307 1009 404 1082 atque
431 1021 450 1062 a
466 1000 629 1082 magistro,
644 1012 677 1063 et
688 999 810 1073 Graecis
825 998 921 1062 literis
934 998 1116 1062 eruditum}
1145 1011 1186 1063 et

136 1101 138 1106 ’
175 1103 216 1165 eo
232 1101 483 1182 quidomloquar
493 1101 722 1176 confidentius,
733 1101 819 1180 quod
835 1099 969 1164 Catulus
982 1099 1110 1162 auditor
1122 1117 1186 1164 ac-

171 1203 288 1277 cessit,
310 1203 362 1266 cui
386 1223 449 1265 non
477 1202 579 1264 solum
607 1219 665 1264 nos
690 1201 798 1265 Latini
811 1202 978 1277 sermonis,
998 1199 1057 1264 sed
1072 1200 1184 1264 etiam

170 1303 282 1368 Graeoi
292 1303 351 1386 ipsi
365 1303 469 1366 solent
483 1323 550 1366 suae
564 1303 681 1386 linguae
693 1303 900 1366 subtilitatem
912 1302 1186 1385 elegantiamque

174 1405 365 1469 concedere.
412 1404 478 1468 Sed
495 1407 616 1478 tamen,
640 1403 792 1485 quoniam
810 1403 872 1465 hoe
888 1413 1004 1478 totum,
1019 1401 1185 1484 quidquid

127 1509 141 1536 ·‘
164 1514 234 1582 est,
249 1506 315 1570 sive
327 1505 507 1580 artificium,
522 1506 586 1568 sive
601 1505 741 1567 studium
756 1503 894 1578 dicendi,
904 1501 963 1565 nisi
978 1501 1116 1566 accessit
1129 1525 1184 1582 os,
1213 1517 1214 1524 ’

84 1601 87 1606 ’
175 1607 296 1670 nullam
309 1617 415 1689 potest
430 1625 520 1681 esse3
541 1605 668 1668 docebo
678 1623 745 1680 vos,
757 1603 915 1687 discipuli,
929 1603 1015 1685 quod
1031 1603 1099 1687 ipse
1109 1622 1184 1669 non
1213 1595 1214 1600 ¹

177 1706 286 1781 didici,
300 1705 376 1788 quid
389 1705 430 1768 de
446 1705 534 1768 omni
548 1725 667 1788 genero
682 1704 811 1774 dicendi
825 1705 972 1769 sentium.
1016 1703 1083 1771 Hto
1104 1724 1185 1788 pos·

70 1890 74 1894 ἱ
163 1819 330 1890 'teaquam
347 1806 526 1884 arriserunt,
536 1807 602 1871 Res
626 1807 702 1870 mihi
717 1807 840 1871 videtur
855 1827 936 1883 esse,
951 1806 1064 1890 iuquit,
1078 1807 1185 1872 facul·

179 1917 247 1972 tete
263 1907 427 1991 praeciara,
444 1921 512 1974 arte
536 1909 715 1974 mediocris.
749 1909 821 1973 ¹Ars
842 1909 928 1973 eninr
950 1929 1059 1972 eurum
1072 1927 1184 1973 rerum

177 2021 238 2088 ost,
253 2030 326 2092 quor
339 2011 501 2087 seiuntur3
522 2012 657 2076 oratoris
672 2023 780 2076 autom
802 2011 906 2076 omnis
919 2011 1005 2075 antio
1021 2009 1186 2094 opinioni·
1213 2045 1214 2050 κ

178 2114 249 2190 bus,
276 2133 341 2177 non
362 2113 504 2191 scientie,
530 2115 720 2194 continetur.
766 2115 852 2178 Num
869 2124 902 2178 et
918 2115 1004 2197 apud
1031 2127 1087 2177 eos
1103 2112 1187 2178 dici·

179 2236 259 2292 mus,
279 2215 334 2298 qui
349 2217 505 2292 nesciunt,
532 2229 565 2280 et
580 2237 620 2280 ea
643 2215 788 2293 dicimus,
814 2235 887 2298 quse
913 2215 1073 2279 nescimus
1099 2215 1185 2298 ipsi:

179 2320 289 2401 itaque
299 2328 331 2379 et
347 2317 389 2379 illi
405 2317 481 2381 olias
497 2318 580 2381 aliud
595 2319 705 2382 iisdem
722 2319 875 2402 derebus
891 2328 923 2381 et
933 2317 1074 2382 sentiunt
1086 2327 1120 2380 et
1132 2319 1187 2401 ju·

180 2421 301 2491 dicant,
316 2427 349 2478 et
365 2437 422 2478 nos
434 2419 611 2481 contraries
621 2423 832 2500 soepe'oausos
845 2419 991 2494 dicimus,
1003 2439 1069 2480 non
1081 2421 1185 2482 modo

181 2528 218 2582 ut
234 2518 377 2583 Crassus
398 2529 511 2580 eontra
525 2537 577 2580 me
603 2519 690 2580 dieat
718 2519 900 2602 aliquando,
917 2530 972 2582 aut
987 2537 1050 2602 ego
1066 2531 1186 2586 eontra

184 2619 346 2696 Crassum,
367 2621 442 2682 otuu
467 2619 607 2681 alterutri
633 2639 765 2683 neeesse
781 2621 820 2690 sit
843 2621 956 2684 falsum
974 2621 1102 2697 dicere3
1125 2625 1185 2687 sed

184 2722 281 2786 etiam
298 2732 333 2784 ut
347 2730 481 2802 uterque
498 2721 637 2783 uostritrn
655 2720 820 2785 eidemde
836 2713 962 2786 toalias
975 2721 1186 2788 aliudrlesen·

184 2825 252 2901 dat,
268 2827 341 2888 eum
367 2825 436 2906 plus
448 2843 513 2886 uno
529 2843 637 2886 verum
654 2843 803 2887 essenon
821 2825 930 2906 possit.
975 2823 1019 2887 Ut
1031 2825 1135 2906 igitur,
1152 2827 1184 2890 in

185 2927 341 3010 ejusmodi
365 2947 409 3001 re,
421 2945 493 3008 quae
510 2924 679 2989 mendacio
708 2926 780 2988 nixa
798 2927 848 3001 sit,
863 2945 936 3008 quoe
958 2925 999 2988 sd
1014 2926 1183 2992 seientiam

186 3047 251 3090 uon
267 3031 352 3110 saepis
381 3027 554 3108 perveniet,
577 3047 650 3109 quae
665 3027 832 3110 opiniones
849 3027 1024 3104 hominum,
1050 3039 1083 3090 ot
1098 3035 1185 3113 saeps

186 3147 307 3192 errores
324 3114 510 3210 aucupetur,
521 3129 565 3193 ita
576 3131 696 3204 diuum,
709 3129 735 3191 si
749 3145 880 3193 causam
897 3131 1016 3212 putatis
1031 3149 1112 3206 esse,
1125 3151 1185 3196 eur

153 3273 167 3294 ·.
188 3229 334 3294 audiatis.

160 3313 172 3336 ⁸
231 3331 320 3395 VIII.
344 3329 376 3394 N
378 3353 413 3394 os
428 3333 562 3406 vero,·et
577 3330 669 3395 valde
685 3331 825 3413 quidem,
851 3331 982 3396 Cutuius
999 3331 1109 3416 inquit,
1129 3355 1185 3418 pu.

113 3465 138 3500 ·.
189 3443 305 3508 tantus,
321 3443 421 3515 atque
432 3433 473 3496 eti
488 3432 601 3516 magis,
618 3433 704 3514 qood
721 3433 804 3497 nulla
822 3435 897 3498 mihi
913 3435 1128 3498 ostentatione
1143 3439 1184 3512 vis

103 3577 110 3590 -
170 3533 273 3600 'deris
299 3553 369 3601 esse
395 3555 517 3602 usuros,
562 3533 700 3602 Exortus
726 3537 862 3604 etenim
877 3555 942 3606 non
957 3535 1104 3624 glorioso,
1119 3557 1184 3604 tne-
