2400 3980
48 115 53 120 ·
124 99 165 158 32
372 117 415 160 oc
439 113 591 159 ustrou
614 113 713 158 maan
736 111 867 158 aarum.

167 259 287 324 xxvl.
312 260 376 324 Sed
398 261 474 342 quie
488 260 529 324 de
543 267 671 324 oratore
691 258 871 340 querimus,
889 254 1120 340 fingendusest

124 362 215 428 nobis
231 364 375 426 oratione
389 361 507 439 nostra,
516 361 668 426 detractis
676 361 825 427 omnibus
838 360 929 435 vitiis,
940 369 1058 435 orator,
1071 369 1119 422 et·

123 461 586 561 queomnileudccumuiatus.
618 460 1118 576 Nequeen1m‚srpruitrtudolrtr

123 586 188 642 um,
198 566 224 630 si
239 567 376 630 varietas
390 585 571 640 causarum,
583 586 608 628 sr
600 565 690 628 haec
700 564 793 628 turba
802 576 835 628 et
853 551 1001 628 barbarie
1011 527 1116 628 icien-

121 670 162 734 sis
171 669 228 732 dat
242 669 350 734 locum
362 669 410 732 vel
420 667 622 731 vitiosissimis
632 665 819 742 oratoribus,
831 667 951 732 idcirco
964 687 1025 730 nos
1041 667 1117 742 hoc,

16 807 18 812 ·
86 773 210 854 ,quod
236 772 416 853 querimus,
442 771 634 834 omittemus.
679 768 825 851 Itaque
817 789 849 832 m
873 768 910 832 iis
936 769 1067 844 artibus,
1082 769 1114 832 in

120 874 234 956 quibus
250 894 314 936 non
331 872 447 936 utilitas
457 872 606 954 quaeritur
620 872 812 946 necessaria,
826 871 883 934 sed
900 871 998 934 animi
1015 869 1115 934 libera

120 975 272 1058 quaedem
287 974 471 1050 oblectatio,
481 975 576 1056 quem
592 973 770 1057 diligenter,
785 983 818 1038 et
833 974 928 1055 quem
942 975 1041 1056 prope
1053 973 1115 1036 fes·

118 1077 233 1140 tidiose
245 1076 449 1160 judicemus?
493 1075 525 1138 N
528 1075 599 1139 ullae
613 1075 699 1138 enim
715 1074 784 1138 lites
810 1095 915 1157 neque
931 1087 1113 1142 controver·
1177 1103 1180 1110 ·

117 1178 174 1242 siae
188 1189 272 1254 sunt,
294 1199 371 1260 quae
387 1189 508 1262 cogant
533 1177 689 1254 homines,
704 1177 785 1240 sicut
800 1177 831 1240 in
847 1175 916 1240 soro
929 1197 993 1240 non
1009 1177 1113 1242 bonos

118 1291 272 1358 oratores,
282 1281 357 1344 item
372 1281 401 1344 in
415 1281 540 1344 theatro
552 1291 677 1344 actores
688 1279 799 1354 malos,
810 1280 943 1361 perpeti.
956 1333 970 1352 .
989 1279 1047 1344 Est
1056 1280 1113 1363 igi·

117 1394 167 1446 tur
176 1383 294 1448 oratori
304 1383 470 1466 diligenter
480 1382 790 1466 providendum,nou
802 1381 849 1444 uti
859 1381 915 1445 illis
925 1381 1113 1458 satisfaciat,

117 1486 230 1568 quibus
255 1507 386 1550 necesse
401 1495 469 1560 est3
491 1485 546 1548 sed
563 1497 597 1547 ut
609 1485 645 1548 iis
667 1484 860 1548 admirabilis
874 1505 943 1548 esse
956 1484 1112 1560 videatur,

117 1587 231 1668 quibus
241 1568 337 1650 hiere
348 1587 443 1649 liceat
453 1586 609 1668 judicare.
654 1585 714 1660 Ac,
724 1585 748 1648 si
760 1585 909 1670 queritis,
920 1585 1023 1668 plene,
1033 1587 1110 1670 quid

116 1687 263 1762 sentiam,
278 1687 453 1750 enuntiabo
467 1688 551 1768 upud
568 1687 711 1750 homines
737 1687 1007 1764 familiarissimos,
1022 1690 1110 1770 quod

116 1781 361 1871 adnuc'semper
377 1789 472 1864 tacui,
488 1801 520 1852 et
546 1789 719 1852 tacendum
743 1789 862 1872 putavi.
906 1789 983 1854 Mihi
1000 1791 1110 1867 etiam,

115 1891 232 1974 quique
249 1891 368 1974 optime
379 1891 499 1966 dicunt,
525 1891 641 1973 quique
655 1891 685 1953 id
702 1891 849 1956 facillime
865 1902 962 1974 atque
978 1893 1111 1956 ornatis-

113 1995 193 2056 sime
210 1993 316 2056 facere
328 1991 469 2074 possunt.
485 2003 606 2068 temen,
620 1993 677 2056 nisi
693 1993 801 2058 timide
815 1995 854 2056 ed
871 1995 1043 2058 dicendum
1056 2016 1110 2059 ac·
1183 2011 1184 2020 ¹

114 2097 246 2172 cedunt,
271 2096 351 2158 etin
377 2094 571 2158 exordiendi
596 2095 740 2184 oratione
756 2097 990 2177 perturbantur,
1014 2118 1108 2180 paene

63 2225 71 2238 ·
114 2199 314 2281 impudentes
327 2197 486 2260 videntur:
503 2197 628 2262 tametsi
643 2198 673 2260 id
685 2197 831 2260 accidere
843 2219 906 2262 non
920 2209 1033 2289 potest.
1063 2199 1110 2262 Ut

113 2301 197 2364 enim
215 2301 348 2382 quisque
362 2300 480 2381 optime
503 2300 590 2375 dicit,
603 2301 647 2363 ite
663 2299 800 2363 maxime
823 2300 950 2364 dicendi
973 2301 1109 2366 difficul-
1182 2337 1184 2358 .

113 2414 224 2479 tatem,
247 2403 412 2482 variosque
439 2413 570 2464 eventus
586 2401 747 2475 orationis,
766 2403 1107 2487 exspectationemque

61 2557 65 2568 .
112 2505 290 2581 hominum,
307 2502 508 2585 pertimescit.
547 2503 614 2572 Qui
627 2503 698 2566 vero
709 2504 783 2566 nihil
793 2516 901 2589 potest
916 2507 1048 2590 dignum
1062 2529 1108 2583 re,

113 2601 249 2690 dignum‘
258 2603 386 2668 nomine
402 2603 545 2679 oratoris,
559 2604 691 2688 dignum
718 2589 882 2694 homipum
898 2609 1024 2672 auribus
1040 2609 1107 2674 effi-

110 2731 184 2774 cere
200 2721 297 2789 atque
313 2708 419 2783 edere,
433 2707 459 2769 is
476 2706 561 2782 mihi,
577 2706 702 2772 etiamsi
717 2721 935 2774 commovetur
951 2711 981 2774 in
998 2712 1107 2776 dicen·
1178 2761 1180 2766 .

110 2811 165 2888 do,
177 2822 285 2874 tamen
307 2809 474 2893 impudens
490 2808 621 2874 videtur.
666 2810 698 2873 N
701 2832 742 2874 on
759 2811 844 2874 euim
870 2813 1031 2895 pudendo,
1047 2818 1106 2880 sed

109 2934 174 2978 non
191 2911 339 2977 faciendo
355 2913 397 2988 id,
413 2911 497 2994 quod
511 2933 574 2976 non
590 2913 695 2990 decet,
705 2912 911 2996 impudentiae
928 2936 1045 2988 nomen
1061 2919 1106 2982 ef·

108 3017 218 3100 fugere
241 3015 405 3078 debemus.
451 3014 561 3083 Quem
584 3017 738 3078 veronen
764 3017 874 3098 pudet,
900 3017 945 3100 (id
962 3019 1047 3098 quod
1070 3019 1103 3084 in

108 3118 264 3202 plerisque
275 3115 394 3200 video),
410 3117 494 3180 hunc
509 3139 572 3200 ego
582 3139 646 3182 non
662 3118 907 3200 reprehensione
917 3120 1030 3197 solum,
1045 3125 1102 3186 sed

107 3220 206 3286 etiam
216 3239 313 3302 poeua
297 3217 455 3302 dignum
468 3229 555 3301 puto.
599 3219 758 3301 Equidem
768 3232 801 3284 et
816 3219 847 3284 in
858 3221 948 3285 vobis
960 3223 1102 3290 animad-

66 3361 74 3368 -
107 3335 229 3392 vertere
244 3321 343 3397 soleo,
358 3333 391 3384 et
405 3319 436 3384 in
453 3341 504 3385 me
527 3321 596 3405 ipso
612 3320 783 3405 sepissime
799 3323 953 3406 experior,
968 3338 1003 3388 ut
1018 3328 1101 3391 exai-

87 3411 260 3490 ‘irescani
253 3445 284 3488 m
297 3423 456 3507 principiis
471 3422 610 3499 dicendi,
625 3433 658 3486 et
670 3424 737 3489 tota
751 3435 870 3501 mente,
896 3437 992 3507 atque
1002 3430 1101 3494 omni·

107 3528 166 3594 bus
181 3527 309 3594 artubus
322 3525 576 3593 contremiscam
621 3525 885 3598 Adolescentuius
898 3529 971 3594 vero
987 3529 1033 3594 sic
1045 3531 1099 3598 ini·
