2466 3966
389 83 432 128 nn
452 83 603 128 cernone
623 84 721 126 mnae
747 83 927 130 ancuupua.
1096 70 1153 124 173

165 243 200 290 re
226 225 439 290 admonitus
431 227 587 292 invenisne
613 226 719 302 fertur,
745 227 888 292 ordinem
911 207 981 292 esre
1007 226 1153 302 metune,

163 327 217 406 qui
232 327 394 392 memoriae
408 327 514 392 lumen
527 305 661 392 efl'enet
706 305 861 408 Itaque'
843 349 889 404 ns,
915 349 968 410 qm
959 328 1067 392 hanc
1083 348 1153 410 per·

164 435 230 492 tem
245 426 364 510 ingenii
379 437 573 504 exercerent,
583 427 672 492 locos
684 448 753 490 esse
769 429 954 510 capiendos,
969 439 1002 491 et
1017 449 1067 504 ea,
1083 447 1154 509 quae

164 527 317 592 memorii
333 531 442 594 tenere
468 528 594 603 velient,
608 529 792 611 effingenda
809 531 926 604 animo,
950 533 1045 609 atque
1060 529 1092 591 in
1107 529 1154 592 his

165 629 243 694 loci'e
257 630 474 706 collocandar
495 631 540 694 sic
560 616 627 694 sore
652 643 688 691 ut
713 629 857 700 ordinem
882 648 984 693 rerum
1011 628 1154 692 locorum

164 729 244 792 ordo
253 737 473 792 conservaret:
496 747 545 790 rer
557 721 759 812 eutemipsee
772 729 1006 813 rerumeffigiea
1017 739 1155 806 notaret,

166 839 264 912 atque
276 838 311 891 ut
325 829 402 892 locis
415 849 472 912 pro
487 827 570 904 cord,
585 829 758 894 simulacris
773 850 831 912 pro
853 830 959 906 literis,
985 840 1154 910 uteremur.

175 928 551 1014 LXXXV11.Quisit
577 940 685 994 autem
706 930 824 1024 oratori
848 931 1010 996 memoriae
1026 931 1154 1007 sructuS,

164 1042 286 1111 quante
301 1031 429 1106 militae,
444 1041 565 1113 quanta
600 1031 641 1144 is,
643 1031 750 1193 quid5
751 1052 802 1095 me
819 1032 932 1096 attinet
958 1032 1088 1097 diccrei
1111 1044 1155 1096 te·

165 1153 241 1196 nere
256 1153 328 1215 quae
343 1132 522 1196 didiceris'
516 1149 547 1194 m
575 1089 768 1236 deprensi
757 1154 875 1208 cause,
900 1154 971 1214 quae
987 1135 1054 1218 ipse
1070 1135 1155 1218 cogi·

168 1233 266 1297 teris?
290 1254 402 1297 omnes
427 1233 506 1296 fixas
531 1253 600 1296 esse
616 1233 647 1295 in
674 1204 781 1296 animo
806 1235 1002 1299 sententias?
1026 1257 1154 1300 omnem

162 1335 359 1416 descriptum
374 1333 541 1397 verborum
569 1335 782 1415 apparerumt
806 1335 850 1397 ita
875 1336 983 1400 audire
998 1337 1047 1401 vel
1072 1358 1156 1412 eum,

165 1435 250 1498 unde
265 1433 446 1520 discemvel
461 1454 545 1510 cum,
567 1433 619 1497 cui
635 1436 892 1517 respondendum
907 1437 957 1511 eit,
983 1447 1017 1500 ut
1033 1437 1075 1498 illi
1091 1459 1155 1502 non

164 1536 331 1600 infundere
347 1535 378 1598 in
394 1556 485 1599 eures
496 1546 566 1600 tuus
579 1536 768 1613 orationem,
789 1538 845 1601 sed
858 1537 1013 1602 inanimo
1028 1539 1155 1610 videnu-

165 1636 419 1702 turinscriberei
442 1637 555 1719 Itaque
570 1637 637 1714 soii,
663 1638 717 1720 qui
732 1638 883 1703 memorid
897 1641 1016 1722 vigent,
1040 1639 1155 1715 sciunt,

166 1740 252 1821 quid,
267 1750 299 1804 et
314 1738 480 1822 quitenus,
488 1751 521 1802 et
535 1741 709 1822 quomodo,
721 1741 833 1805 dicturi
849 1741 921 1818 sint,
936 1741 1012 1824 quid
1028 1763 1157 1826 respon·

165 1842 279 1918 derint,
299 1841 373 1922 quid
385 1840 537 1924 supersit:
559 1842 718 1922 iidemque
734 1843 833 1906 muita
845 1863 884 1906 en
901 1843 967 1910 aliie
984 1845 1086 1908 causis
1103 1844 1156 1907 eli·

164 1943 330 2022 quendoa
351 1965 386 2007 ee
413 1953 498 2018 octe,
521 1941 677 2005 multaab
704 1943 770 2006 eliis
787 1944 905 2019 audita,
933 1945 1153 2009 meminerunt.

143 2065 146 2072 ’
165 2044 278 2114 Quare
290 2045 444 2108 confiteor
460 2043 619 2125 equidem,
634 2042 724 2126 hujus
737 2043 812 2106 boni
832 2054 978 2107 naturum
992 2066 1063 2122 erse
1073 2047 1155 2127 prin·

164 2145 281 2228 cipem,
296 2146 376 2209 sicut
398 2165 507 2208 earum
524 2164 637 2220 rerum,
660 2144 700 2206 de
717 2144 829 2224 quibus
846 2154 920 2208 ante
935 2144 1059 2208 locutus
1075 2167 1154 2221 sum,

165 2248 327 2310 omnium:
350 2245 405 2308 sed
433 2245 502 2309 haec
520 2265 569 2307 ere
596 2255 665 2308 toto
691 2245 829 2320 dicendi,
855 2245 919 2308 sive
946 2245 1020 2308 artis
1046 2247 1157 2329 imag-o

165 2349 313 2429 quaedem
328 2358 377 2412 cst
392 2356 424 2410 et
438 2346 618 2421 similitudo,
631 2345 728 2409 hebet
740 2347 823 2410 hene
839 2345 913 2424 vim,
928 2369 992 2412 non
1009 2357 1042 2412 ut
1053 2359 1154 2413 totum

165 2449 295 2534 aliquid,
310 2449 398 2533 cujus
413 2449 444 2511 in
461 2446 593 2530 ingeniis
609 2449 722 2510 nostris
738 2468 810 2530 pare
826 2449 912 2512 nuile
927 2450 977 2525 sit,
1002 2451 1106 2534 periet
1122 2463 1166 2515 et'

165 2561 322 2633 procreet,
348 2551 456 2614 verdm
472 2560 506 2612 ut
521 2570 571 2626 eu,
596 2569 668 2632 quae
683 2560 755 2614 eunt
771 2563 841 2614 orta
852 2551 920 2634 jem
946 2552 978 2614 in
1004 2552 1095 2614 nobis
1121 2562 1154 2616 ct

166 2662 344 2735 procreate,
369 2652 487 2716 educet
501 2662 597 2731 atqua
623 2651 799 2716 confirmat.
844 2652 1073 2716 Verumtamen
1100 2673 1154 2716 no-

165 2775 227 2836 que
239 2765 305 2818 tem
321 2753 386 2817 acri
403 2750 554 2816 memorii
568 2751 632 2816 ferd
648 2751 814 2834 quisquam
830 2762 889 2827 est,
912 2762 955 2828 ut,
971 2773 1034 2815 non
1051 2754 1155 2835 dispo·

164 2855 231 2920 sitis
250 2855 429 2936 notatisque
444 2853 548 2930 rebus,
574 2854 716 2916 ordinem
732 2853 900 2916 verborum
916 2863 971 2916 aut
985 2856 1156 2919 sententie-

165 2977 235 3022 rum
250 2957 501 3040 complectatur:
525 2973 628 3034 neque
644 2957 718 3017 vcro
734 2964 801 3017 tam
817 2953 934 3030 hebeti,
951 2963 986 3018 ut
1000 2955 1075 3018 nihil
1092 2956 1154 3020 hec

164 3059 395 3126 consuetudine
421 3067 454 3121 et
479 3055 706 3124 exercitatione
730 3055 903 3139 adjuvetur.
956 3057 1043 3121 Vidit
1068 3059 1152 3122 enim

166 3161 233 3224 hoc·
243 3161 414 3243 prudenter
429 3154 494 3222 sive
510 3156 701 3232 Simonides,
715 3157 780 3221 sive
796 3156 873 3221 alius
889 3157 957 3240 quis
972 3157 1099 3236 invenit,
1114 3180 1157 3222 ea,

166 3259 303 3326 maxime
319 3259 430 3324 enirnia
442 3258 551 3343 effingi
560 3257 685 3334 nostrie,
696 3277 766 3338 quae
779 3267 916 3324 essenta
928 3277 1021 3323 sensu
1037 3259 1154 3324 tradita

166 3369 263 3442 etque
282 3362 454 3443 impresear
476 3360 664 3425 acerrimum
689 3367 799 3424 eutem
814 3379 852 3422 ex
867 3360 1014 3426 omnibus
1040 3360 1152 3424 nostris

166 3459 310 3528 rentibus
334 3479 404 3527 eree
427 3461 725 3526 sensumvidendi:
747 3479 846 3541 quare
871 3459 1018 3526 facillime
1046 3460 1152 3524 animo

632 3560 692 3626 lt*
