2458 3972
334 139 377 200 pa
399 137 551 191 amona
570 137 670 196 arasa
691 137 839 198 auarus.
1010 121 1068 191 193

100 286 230 376 negarit
256 285 407 357 anonae
422 285 533 382 aidipw
559 283 729 362 Antoniusr
749 296 782 350 et
807 284 843 352 iis
868 284 930 352 hoc
953 303 1069 355 noman

100 391 180 459 dixit
199 390 384 474 eloquentiae
399 390 470 456 solis
485 411 553 458 essa
576 389 784 457 tribuendum.
827 388 936 460 Quare
961 409 1070 457 antaee

101 495 189 574 istos,
203 515 254 560 rna
266 506 404 571 auctore,
419 493 557 560 deridete
573 505 666 576 atque
680 481 882 574 contemnite,
897 492 950 576 qui
960 515 994 558 sa
1015 494 1074 560 ho·

102 621 184 678 rom,
194 599 246 684 qui
261 619 346 664 auno
370 596 414 669 ita
427 597 633 683 appellantur,
647 597 804 664 rhetorum
819 596 982 680 preceptis
1007 619 1071 662 orn·

103 724 179 771 nem
203 714 361 768 oratorum
376 701 437 768 vin
453 700 633 786 complexos
656 721 723 764 asse
749 698 946 776 arbitrantur,
969 721 1071 784 neque

105 808 223 886 adhoc,
237 825 333 890 quam
357 825 524 892 personant
539 814 678 880 teneant,
704 815 758 870 aut
771 804 845 886 quid
861 804 1074 888 profiteantur,

106 909 278 994 intelligere
294 919 470 993 potuerunt.
513 908 628 972 Verum
642 908 726 974 enim
737 907 863 983 oratori,
877 928 946 990 quae
958 919 1029 974 sunt
1043 908 1074 974 in

107 1013 214 1081 homin
284 1010 355 1124 vjta,
361 1010 641 1134 quandoquidppr
634 1032 665 1077 ru
683 1010 720 1079 aa
741 1021 877 1076 versatur
896 1022 1009 1088 orator,
1032 1023 1075 1076 at·

107 1136 182 1200 que
193 1106 294 1180 eaast
309 1093 507 1201 eisubjoota‘
517 1099 671 1188 drateiies,
647 1115 780 1178 sorani
796 1115 936 1199 quaesita,
960 1116 1077 1191 audita,

108 1220 205 1297 lecta,
216 1220 384 1303 disputata,
395 1228 539 1294 tractata
551 1217 883 1302 agitataessedebent.
927 1219 1075 1284 Esteninr

108 1323 291 1406 eloquentia
316 1343 378 1386 nna
393 1321 537 1402 quaedam
554 1322 594 1386 de
619 1319 746 1386 summis
769 1321 948 1398 virtutibus3
970 1324 1079 1404 (quan-

109 1449 207 1512 quam
222 1438 292 1496 sunt
307 1446 416 1490 ornnes
442 1425 567 1488 virtutes
592 1422 727 1507 aequales
742 1435 774 1488 et
789 1445 888 1508 parea,
903 1425 957 1498 sed
972 1437 1078 1494 tamon

112 1545 162 1598 ost
176 1530 295 1614 species
308 1528 369 1594 alia
384 1528 485 1612 magis
501 1527 560 1592 ulia
572 1527 707 1594 formosa
718 1539 750 1592 et
758 1526 894 1604 illustris3
915 1528 993 1594 sicut
1010 1529 1078 1595 haec

112 1634 169 1710 vis,
194 1653 273 1717 quae,
295 1633 455 1696 scientiam
481 1630 646 1716 complexa
671 1651 783 1708 rerum,
799 1651 898 1720 ‚serrsa
921 1631 1032 1700 mentis
1048 1647 1080 1700 et

112 1736 244 1802 consilia
258 1735 302 1800 sic
314 1735 413 1801 verbis
427 1735 571 1820 explicat,
592 1746 627 1798 ut
641 1755 705 1836 eos,
719 1735 770 1817 qui
793 1736 930 1814 audiant,
945 1739 1081 1819 qudcun·

5 1897 11 1911 ,
114 1861 176 1926 que
192 1839 373 1916 incubuerit,
387 1840 484 1923 possit
495 1839 672 1923 impellere;
693 1859 762 1920 quae
774 1841 836 1923 qud
851 1841 949 1924 major
963 1853 1011 1906 est
1025 1842 1080 1917 vis,

115 1945 178 2010 hoc
193 1954 240 2008 est
254 1943 354 2028 magis
380 1943 535 2026 probitate
557 1942 729 2027 jungenda,
753 1942 934 2026 summique
950 1945 1081 2028 pruden-

115 2047 160 2112 tie
172 2051 194 2132 ι)
216 2069 344 2129 quarum
361 2046 503 2112 virtutum
520 2044 696 2130 erpertibas
708 2046 733 2108 si
745 2043 868 2110 dicendi
884 2047 1007 2130 copiam
1023 2060 1082 2134 tra·

116 2151 296 2226 diderimus,
311 2171 372 2214 non
387 2171 442 2216 eos
456 2149 581 2234 quidem
597 2160 735 2214 oratores
750 2147 954 2227 effecerimus,
968 2151 1022 2216 aed
1039 2151 1082 2218 lu·

117 2254 255 2321 rantibus
270 2253 414 2336 qnaedam
429 2274 516 2318 arma
528 2252 712 2318 dederimus.

162 2357 230 2424 XV.
253 2357 357 2432 Hanc,
371 2357 509 2440 inquam,
527 2355 685 2442 cogitandi
696 2356 976 2442 pronuntiandique
990 2359 1082 2426 ratio·

118 2482 204 2538 nem,
218 2459 339 2542 vimque
354 2460 488 2538 dicendi,
502 2470 623 2525 veteres
634 2458 736 2524 Graeoi
750 2460 933 2545 sapientiam
944 2465 1083 2530 nomina·

119 2567 208 2630 bant.
251 2563 334 2628 Hinc
350 2563 390 2626 illi
403 2563 547 2648 Lycurgi,
562 2564 634 2628 lrinc
660 2563 783 2642 Pittaci,
795 2565 866 2630 hinc
882 2567 1025 2646 Solones,
1041 2583 1085 2634 at·

121 2676 183 2754 qua
199 2667 239 2732 ab
255 2667 314 2732 hac
329 2666 524 2732 similitudine
545 2666 733 2732 Coruncanii
748 2669 853 2744 nostri,
868 2669 1012 2747 Fabricii,
1027 2672 1085 2738 Ca·
1142 2747 1146 2764 Ι

122 2775 225 2848 tonos,
240 2770 402 2854 Scipiones
417 2769 548 2847 suerunt,
560 2791 621 2834 non
634 2781 698 2834 tam
714 2769 842 2836 fortasse
853 2771 949 2848 docti,
959 2773 1015 2838 sed
1030 2773 1084 2841 im·

123 2873 322 2960 paramentis
336 2873 426 2938 simili
439 2884 472 2936 et
486 2871 652 2939 voluntate.
696 2871 815 2936 Eidem
831 2885 936 2938 autern
952 2874 1002 2940 alii
1017 2897 1086 2961 pro·

123 2976 239 3054 dentis,
250 2977 304 3042 sed
318 2976 446 3042 consilio
456 2975 495 3040 ad
510 2974 580 3040 vitae
591 2973 692 3040 studia
703 2975 828 3059 dispari,
838 2977 972 3059 quietem
988 2991 1083 3064 atque

124 3069 223 3154 otium
238 3081 345 3160 secuti,
360 3095 393 3146 ut
408 3081 611 3166 Pythagoras,
622 3077 829 3158 Democritus,
840 3082 1086 3169 Anaxagoras,a

123 3185 267 3270 regendis
278 3184 452 3250 civitatibus
462 3195 543 3250 totos
557 3204 590 3248 se
600 3182 639 3246 ad
652 3182 862 3267 cognitionem
873 3207 974 3253 rerum
986 3200 1084 3256 trans·

125 3287 280 3356 tulerunt:
309 3309 379 3371 qaae
402 3287 473 3366 vita,
497 3298 622 3371 propter
636 3287 899 3370 tranquillitatem,
913 3301 946 3356 et
959 3306 1086 3379 propter

126 3390 222 3478 ipsius
234 3389 370 3455 scientiae
381 3391 575 3468 suavitatem,
585 3389 646 3475 qud
656 3389 728 3486 njhil
741 3402 787 3458 est
799 3391 972 3460 hominibus
978 3397 1087 3482 jucun.

23 3531 26 3558 r
127 3495 207 3572 dius,
221 3491 334 3576 plnres,
355 3493 449 3575 quam
462 3492 534 3558 utils
560 3493 615 3558 suit
638 3491 729 3559 rebus
744 3493 887 3579 publicis,¹
907 3497 1084 3570 delectauit.

128 3598 251 3680 ltaque,
274 3606 308 3662 ιιι
321 3594 350 3662 ei
363 3595 464 3663 studio
478 3617 511 3664 aa
526 3596 785 3669 excellentissimis
805 3599 1088 3696 agnitionum

595 3708 630 3764 17
