2400 3980
306 135 349 178 nu
372 134 521 188 onerose
549 135 645 178 crues
667 135 796 181 rerunt,
996 119 1031 176 tt

86 299 138 360 quo
160 301 220 344 uno
236 279 377 348 homines
393 284 526 350 maximis
549 283 654 351 bestiis
678 295 836 369 praesent,
859 285 891 350 in
907 283 1035 350 bocho-

86 382 203 448 minibus
225 385 298 470 ipsis
314 387 510 460 antecellat?
533 387 577 452 Ut
602 388 674 454 vero
694 389 760 474 jem
781 389 822 452 ud
846 388 1036 454 illasummu

84 487 249 566 veniamus3
270 511 338 574 quae
362 491 407 555 vis
432 491 494 556 alia
516 492 616 576 potuit
641 502 696 557 aut
717 492 872 577 dispersos
893 491 1036 560 homines

84 611 165 661 unum
179 593 336 659 inlocum
354 615 558 681 congregare,
584 607 638 662 aut
652 617 673 660 a
686 595 751 662 ferd
773 592 950 681 agrestique
973 595 1036 661 virs

84 696 217 762 adhunc
241 699 411 764 humanum
434 700 551 766 cultum
575 701 759 784 civilemque
782 699 950 777 deducere,
972 711 1036 778 aut,

80 797 135 880 jam
158 803 330 868 constitutis
354 804 541 882 civitatibus,
566 805 661 890 leges,
681 804 810 890 judicia,
830 803 901 890 jura
923 802 1037 869 deson·

83 901 168 968 beret
189 907 247 984 Ae,
263 929 302 972 ne
317 908 416 992 plura,
430 929 501 993 que
511 920 584 974 sunt
598 931 688 994 paene
702 908 949 987 innumerabilia,
963 929 1037 974 con·

82 1018 180 1086 secter,
203 1012 471 1096 eomprehendam
486 1014 590 1092 brevi;
610 1015 654 1080 sic
669 1015 882 1093 enim'statuo,
905 1013 1037 1099 perfecti

82 1115 198 1178 oratoris
212 1117 429 1183 moderatione
454 1129 487 1183 et
504 1117 657 1204 sapienti&
671 1139 734 1184 non
750 1117 849 1184 soldrn
863 1119 958 1202 ipsius
972 1118 1038 1204 dig-

82 1216 209 1299 nitatem,
223 1222 279 1286 sed
292 1233 324 1286 et
337 1211 526 1306 piiratorum
540 1223 753 1308 plurimorum,
774 1233 807 1288 et
820 1222 971 1288 universae
981 1222 1037 1288 rei·

82 1321 201 1401 publicae
215 1326 348 1392 salutem
364 1327 498 1392 maximis
521 1329 685 1394 contineri.
729 1329 947 1398 Quamobrem
969 1345 1037 1412 per·

82 1424 148 1507 gite,
170 1440 203 1492 ut
226 1430 340 1506 facitis,
364 1431 600 1496 adolescentes:
623 1445 718 1516 atque
743 1431 774 1494 in
788 1432 819 1495 id
834 1431 982 1506 studium,
1005 1430 1037 1494 in

81 1549 137 1610 quo
151 1533 227 1612 estis,
241 1534 424 1612 incumbite,
450 1545 529 1600 utet
544 1535 631 1600 vobis
647 1535 767 1614 honori,
791 1545 823 1600 et
837 1533 947 1600 amicis
961 1531 1038 1600 utili·
1072 1603 1093 1622 ,Ι

81 1633 139 1710 tati,
153 1647 182 1700 et
195 1638 375 1723 reipublicae
386 1639 598 1704 emolumento
613 1661 680 1704 esre
696 1639 828 1725 possitis.

116 1737 167 1805 IX.
188 1741 273 1806 Tum
300 1742 444 1808 Scaevolu
467 1744 608 1822 comiter,
631 1755 665 1809 ut
679 1743 811 1822 solebat,
837 1744 971 1820 Cetera,
994 1744 1052 1808 in»

81 1841 148 1922 quit,
167 1845 318 1911 assentior
333 1847 457 1925 Crasso,
482 1867 522 1912 ne
537 1859 591 1912 aut
613 1849 654 1913 de
668 1848 704 1914 C.
721 1849 818 1926 Laelii,
843 1848 943 1913 soceri
966 1848 1039 1926 mei,

81 1955 130 2009 aut
141 1947 177 2013 de
191 1951 292 2037 hujus,
306 1951 423 2034 generi,
437 1963 492 2016 aut
507 1964 580 2030 arte,
595 1964 650 2017 uut
664 1952 762 2038 glorid
776 1954 960 2018 detraham:
981 1953 1039 2016 sed

81 2045 124 2112 iila
134 2051 203 2131 duo,
215 2057 340 2130 Crase,
350 2077 467 2133 vereor,
479 2067 512 2121 ut
523 2057 578 2140 tibi
590 2056 706 2140 possim
718 2054 910 2133 concedere3
931 2071 1039 2132 unum,

81 2154 153 2234 quid
168 2159 207 2222 ab
222 2159 397 2224 oratoribus
409 2161 549 2225 civitates
561 2173 592 2225 et
604 2160 691 2224 initio
702 2160 898 2235 constitutas,
913 2171 946 2224 et
956 2162 1040 2242 saepe

79 2275 270 2328 conservatus
294 2285 362 2328 esse
388 2265 506 2328 dixisti:
529 2263 671 2341 alterum,
697 2264 792 2347 qnod,
817 2271 938 2327 remoto
961 2261 1040 2339 foro,

79 2367 233 2448 concione,
245 2368 378 2453 judiciis,
402 2380 524 2446 senatu,
549 2369 693 2448 statuisti,
718 2379 875 2435 oratorem
900 2367 1058 2434 inomni·

77 2487 183 2550 genere
197 2473 350 2538 sermonis
374 2484 407 2536 et
421 2473 622 2538 humanitatis
647 2497 715 2540 esse
730 2457 913 2560 perfectum.
958 2473 1040 2544 Quis

78 2573 153 2638 enim
167 2577 223 2640 tibi
239 2577 299 2640 hoe
325 2579 522 2656 concesserit,
537 2590 592 2642 aut
606 2579 693 2644 initio
707 2599 806 2664 genus
831 2579 993 2643 hominum
1003 2575 1040 2641 'in

79 2681 227 2746 montibus
244 2703 283 2745 ao
297 2682 378 2746 silvis
394 2683 587 2768 dissipatum,
613 2705 676 2748 non
692 2683 889 2768 prudentium
904 2681 1040 2746 consiliis

77 2787 266 2870 compulsum
278 2789 391 2872 potiris,
404 2791 497 2873 quarn
513 2789 696 2854 disertorum
711 2788 853 2852 oratione
868 2785 1041 2863 delinitum,
1109 2775 1113 2781 ⁵

77 2907 106 2950 se
119 2893 242 2976 oppidis
256 2892 473 2976 moenibusque
487 2893 639 2978 sepsissei
662 2903 716 2956 out
731 2891 803 2956 verb
815 2890 949 2974 reliquas
964 2889 1041 2954 utilib

77 3000 160 3071 tutes,
175 2996 275 3061 autin
291 2997 526 3074 constituendis,
551 3007 605 3062 aut
630 2996 850 3062 conservandis
865 2995 1041 3061 civitatibus

77 3115 134 3161 nnn
150 3101 375 3184 asapientibus
389 3112 422 3166 et
435 3102 564 3166 fortibus
579 3101 658 3178 uiris,
684 3101 739 3166 sed
754 3121 775 3165 a
791 3101 911 3164 disertis
936 3109 970 3164 et
994 3119 1041 3164 or-

76 3205 144 3267 nate
158 3203 334 3268 dicentibus
347 3227 416 3270 esse
428 3205 635 3290 constitutas?
658 3206 707 3270 An
729 3205 802 3270 verb
817 3205 871 3268 tibi
886 3202 1042 3267 Romulus

77 3303 122 3370 ille
137 3320 192 3372 aut
206 3321 346 3392 pastores
369 3321 401 3374 et
423 3331 580 3375 convenas
595 3309 814 3394 congregtisse,
839 3320 894 3372 aut
909 3307 1042 3372 Sabino·
1110 3360 1113 3364 .

76 3429 139 3476 rum
153 3414 312 3477 connubia
327 3415 535 3500 conjunxisse,
560 3426 614 3480 aut
628 3409 826 3478 finitimorum
847 3413 908 3475 rim
924 3427 1043 3496 repres-

77 3514 147 3580 sisse
161 3517 340 3601 eloquentiis
353 3519 482 3596 videtur,
507 3539 570 3582 non
585 3518 714 3583 consilio
729 3526 761 3582 et
775 3515 928 3600 supientia
940 3516 1043 3598 singu·

77 3617 150 3684 larii
181 3622 270 3693 Quid
293 3623 399 3687 enimi
427 3623 458 3686 in
474 3622 579 3686 Numi
602 3620 777 3705 Pompilio,
798 3619 895 3701 quidt
916 3619 949 3680 in
973 3617 1041 3680 Ser.
