2466 3966
43 478 90 556 l

120 161 180 220 1⁰0
347 175 393 221 ιιι
408 172 561 219 carrona
586 171 685 218 arara
701 167 887 220 recuruum

88 279 95 289 -
115 323 147 385 in
162 321 325 404 republica
341 321 463 399 Furius,
479 343 592 386 nervus
607 323 638 385 in
651 321 801 386 dicendo·
807 321 843 385 C.
860 317 1021 394 Fimbriae,
1031 336 1117 398 qaue
1165 347 1168 358 ·

114 435 224 502 tamen
242 425 353 488 habuit
364 425 425 502 ille,
438 445 501 489 ιιοιι
515 425 700 504 assequitur,
716 419 778 486 oris
794 425 986 506 pravitatem
1002 434 1035 484 et
1045 441 1117 484 ver-

80 503 228 590 'borum
240 526 460 590 latitudinem
452 530 611 590 imitatur.
634 527 689 588 sed
706 537 815 588 tamen
832 525 882 588 ille
898 545 959 588 nec
969 523 1115 607 deligere

113 632 213 707 scivit,
225 631 314 715 eujus
330 631 528 712 potissimum
539 629 646 692 similis
661 641 755 704 esset,
771 643 814 703 et,
831 629 861 691 ln
877 647 917 691 eo
933 630 1117 710 ipsequenr

72 813 75 820 Ι
112 735 288 818 delegerat,
303 731 418 795 imitari
435 731 538 794 etiam
556 733 631 794 vitia
647 731 754 795 voluit.
799 731 866 800 Qui
883 744 990 794 autem
1008 733 1051 792 ita
1067 729 1114 792 sa-

112 837 187 912 ciet,
202 848 238 899 ut
249 846 387 918 oportet,
400 833 535 916 primbm
553 834 659 917 vigilet
673 855 803 897 necesse
816 836 905 898 estin
919 833 1091 917 deligendo
1103 851 1115 894 :¹

113 941 241 1014 deiude,
255 957 353 1025 quem
367 937 524 1020 probavit,
540 939 570 999 in
587 959 638 1013 eo,
658 959 731 1020 quae
743 939 879 1002 inarime
892 937 1060 1013 excellent,
1072 957 1114 1000 ea

113 1041 352 1125 diligentissime
370 1057 588 1123 persequatur.
926 1055 929 1060 '
1071 1060 1079 1066 ·

155 1145 246 1215 Quid
262 1143 348 1208 enim
364 1165 472 1208 causae
487 1148 628 1210 censetis·
640 1169 720 1223 esse,
736 1168 792 1211 cur
805 1157 916 1211 aetates
943 1145 1115 1210 extulerint
1164 1179 1168 1186 ·

113 1249 247 1333 siugulae
272 1248 398 1332 singula
420 1253 519 1332 prope
543 1271 663 1332 genera
689 1253 836 1314 ‹licendil
860 1253 945 1334 quod
962 1273 1026 1314 nen
1044 1264 1116 1313 tarn

111 1355 206 1418 facille
216 1355 246 1416 in
257 1353 371 1421 nostris
381 1355 559 1418 oratoribus
570 1375 737 1437 possumus
746 1353 908 1438 judicare:
932 1355 1114 1438 quiascrip-

112 1471 156 1534 ta,
168 1479 207 1523 ex
223 1457 337 1542 quibus
349 1457 503 1541 judicium
529 1457 596 1521 lieri
614 1472 731 1540 posset,
759 1481 822 1520 non
836 1459 935 1520 multa
950 1460 1027 1522 sane
1045 1457 1115 1520 reli·

85 1615 91 1630 „
112 1574 260 1644 querunt,
281 1564 376 1642 quam
393 1562 425 1622 in
442 1561 580 1637 Graecis,
602 1583 640 1624 ex
657 1581 791 1641 quorum
807 1562 942 1644 seriptis,
958 1561 1118 1645 cujusque

83 1717 88 1724 .
112 1666 215 1727 aetatis
240 1686 312 1746 quoe
324 1657 454 1726 dicendi
470 1664 551 1725 ratio
567 1663 777 1746 voluntasque
791 1664 893 1740 luerit,
909 1664 1040 1764 intelligi
1057 1677 1116 1753 poi

82 1821 89 1844 ,
112 1777 184 1831 test.
220 1767 439 1866 Antiquissimi
451 1767 514 1828 lere
527 1778 599 1827 suut
603 1787 754 1846 ,quorum
768 1769 898 1850 quidem
909 1767 1118 1852 scriptaeon·

112 1880 208 1946 stent,
217 1869 370 1952 Pericles,
385 1861 497 1952 atque
505 1868 706 1970 Alcibiades,
721 1881 753 1932 et
769 1871 885 1936 eadem
904 1878 1013 1936 oetate
1026 1871 1117 1968 Thu-¹

114 1974 255 2058 cydides,
282 1939 430 2048 achilles
443 1954 541 2049 acuti
547 1969 689 2049 bieves,
715 1961 1114 2058 sententiismugisquam

114 2077 226 2143 verbis
234 2078 446 2141 abundantes.
491 2077 567 2142 Non
595 2079 750 2160 potuisset
776 2079 935 2154 accidere,
962 2087 1118 2142 utonem

113 2183 359 2250 asseramur-am
383 2203 495 2265 genus,
517 2181 577 2244 nisi
592 2182 730 2262 aliquem
754 2181 813 2243 sibi
829 2171 1044 2263 preponerent
1071 2182 1119 2246 ad

113 2289 315 2352 imitandum.
361 2284 535 2348 Consecuti
563 2294 636 2346 sunt
659 2283 716 2346 hos
732 2283 858 2358 Critias,
882 2270 1117 2361 Theramenes,

114 2393 245 2474 Lysias:
274 2389 372 2452 multa
386 2388 489 2470 Lyriae
505 2387 624 2469 scripta
639 2399 731 2464 sunt3
754 2385 907 2450 nonnulla
924 2387 1049 2450 Critiae:
1072 2389 1118 2452 de

114 2494 320 2556 Theramene
348 2489 534 2554 audivimus.
580 2489 703 2552 Omnes
716 2490 815 2552 etiam
842 2499 909 2552 tum
933 2491 1118 2555 retinebunt
1227 2481 1228 2498 ¹

114 2591 202 2660 illum
230 2592 359 2656 Periclis
383 2585 532 2666 suebum
554 2592 611 2654 sed
636 2599 728 2656 erant
755 2591 850 2675 paulo
877 2585 1024 2657 uberiore
1050 2589 1117 2658 filo.
1226 2605 1228 2612 ⁴

115 2691 205 2764 Ecce
220 2697 277 2761 tibi
292 2678 419 2766 exorttis
441 2706 489 2758 est
504 2695 673 2771 leocrates,
701 2697 853 2779 magister
868 2697 1118 2760 istorumomni-

12 2800 21 2813 '
115 2819 181 2880 um,
196 2804 284 2888 eujus
299 2817 318 2866 'c
333 2801 419 2877 ludo,
439 2810 595 2882 tanquam
618 2817 656 2862 ex
669 2819 754 2881 equo
770 2800 924 2884 Trojano,
940 2801 1017 2864 meri
1033 2801 1119 2883 prin·

114 2907 202 2991 cipes
217 2907 382 2970 exierunt:
402 2903 461 2966 sed
476 2923 589 2966 eorum
604 2902 719 2985 partim
745 2903 776 2966 in
802 2903 933 2997 pompis,
949 2904 1120 2986 partimin

117 3011 188 3075 acie
203 3009 348 3091 illustres,
363 3013 432 3072 esse
445 3005 624 3072 voluerant
757 3019 764 3058 ι
808 2977 916 3076 semdae

117 3113 284 3178 -XXlll
309 3109 521 3192 ltaqueetilli,
527 3111 743 3194 Theopompi,
754 3109 885 3204 Ephori,
889 3082 1119 3198 Philisti,Nau-

89 3297 93 3302 ᾖ
117 3229 226 3293 cratae,
247 3215 401 3296 multique
422 3214 474 3278 alii
490 3215 609 3278 naturis
630 3213 799 3288 differunt,
820 3193 985 3310 voluntate
1009 3226 1120 3278 autem
1220 3253 1228 3298 ,ᾗ

118 3309 235 3386 similes
247 3325 330 3395 suut,
342 3329 375 3384 el
387 3319 557 3394 interesse,
569 3331 602 3381 et
613 3317 770 3401 magistri:
791 3328 824 3380 et
836 3316 854 3378 li
859 3305 932 3415 ,qui
944 3339 978 3380 se
992 3317 1033 3380 ad
1043 3336 1120 3381 cau

81 3495 84 3500 ,
118 3437 170 3491 aas
186 3413 400 3497 contuleruut,
415 3436 448 3486 ut
463 3421 717 3497 Demosthenes,
729 3409 920 3505 Hyperides,
940 3411 1120 3504 Lycurgus,
1226 3479 1228 3504 ,

119 3523 1120 3606 AEschiues,Dinarchus,aliiquecoruplures,etsiintersepares

116 3631 333 3713 nonfueruut,
342 3639 452 3698 tamen
465 3637 539 3695 eunt
551 3643 663 3694 eunies
676 3625 706 3689 iu
717 3627 835 3696 eodem
845 3626 985 3700 veritatis
994 3625 1121 3698 imitan-
1227 3693 1228 3698 ,
