2458 3972
161 123 223 184 utu
405 137 448 182 nr
464 137 615 184 passm
631 137 729 184 arura
745 139 896 186 rasuras.

161 295 213 352 trs·
224 282 338 352 dicere
380 284 493 368 ltaque
504 287 626 352 ornavit
639 297 673 352 et
687 286 848 352 illustrarit
861 287 1039 354 doctrinam
1055 287 1138 355 illan

161 411 308 467 omnem3
329 411 495 474 rerumque
520 391 733 476 cognitionem
750 413 822 457 cum
849 392 998 458 orationis
1024 395 1137 459 exerei-
1206 403 1207 448 t

160 494 461 580 rationeeonjunxit.
504 494 617 577 Neque
628 495 701 560 vero
712 496 773 560 boc
785 495 864 582 sugit
875 497 1136 584 sapientissimum

160 609 279 686 regem,
304 599 492 685 Philippum,
507 599 560 684 qui
585 599 668 664 hunc
684 599 865 664 Alexandro
885 601 948 664 filio
972 592 1136 666 doctorem
1206 611 1207 656 ἓ

161 706 300 782 sociarit,
314 725 334 770 a
348 726 412 788 quo
430 703 545 768 eodem
558 702 608 768 ille
623 714 655 766 et
671 704 786 788 agendi
801 705 961 790 acciperet
976 718 1136 790 praecepta
1206 761 1207 788 ἶ

160 822 193 878 et
207 809 363 893 loquendi.
407 807 512 884 Nunc,
533 807 559 870 si
580 805 633 888 qui
647 807 741 884 volet,
756 829 828 872 eum
844 808 1072 893 philosophum,
1083 811 1134 893 qui

159 915 284 1000 copiam
301 911 390 976 nobis
405 931 509 976 rerum
519 909 729 993 orationisque
742 913 856 989 tradat,
867 933 923 996 per
935 934 985 976 me
998 914 1135 997 appellet
1206 937 1207 940 ¹

159 1029 317 1082 oratorem
331 1015 423 1092 licet,
443 1015 507 1079 sive
522 1015 606 1079 hunc
621 1027 789 1092 oratorem,
807 1031 901 1099 quem
924 1038 985 1102 ego
1000 1016 1072 1081 dico
1087 1039 1134 1082 sa·
1206 999 1207 1018 ³

127 1131 131 1142 '
158 1122 310 1207 pientiam
320 1119 462 1205 junctam
490 1119 606 1184 habere
622 1119 820 1204 eloquentiae,
844 1121 1065 1205 philosophum
1080 1144 1135 1206 ap·
1206 1111 1207 1166 l

88 1277 93 1282 .
157 1225 274 1311 pellere
301 1223 398 1300 malit,
423 1245 487 1288 non
514 1223 704 1313 impediam3
725 1223 897 1289 dummodo
922 1225 984 1290 hoc
999 1237 1134 1304 constet,
1206 1269 1207 1282 η

158 1350 260 1413 neque
276 1328 440 1394 infantiam
456 1328 533 1413 ejus,
548 1327 599 1409 qui
616 1347 680 1392 rem
696 1325 785 1405 norit,
811 1329 866 1394 sed
882 1350 954 1394 eam
976 1329 1133 1414 explicare
1206 1319 1207 1376 Ῠ

156 1435 293 1502 dicendo
308 1455 371 1499 non
386 1444 493 1516 queat,
515 1453 617 1515 neque
630 1433 824 1498 inscientiam
840 1432 928 1511 illius,
943 1434 992 1498 oui
1005 1455 1053 1498 res
1068 1455 1131 1499 non
1206 1507 1207 1524 χ

155 1550 315 1625 suppetat,
329 1538 426 1602 verba
437 1523 626 1612 non'desint,
644 1557 712 1601 esse
728 1536 937 1602 laudandam:
960 1559 1091 1622 quorqm
1107 1541 1133 1603 si
1204 1529 1207 1584 ἕ

158 1645 290 1709 alterurn
304 1642 344 1706 sit
363 1641 549 1726 optandum,
574 1639 681 1702 malim
695 1641 840 1722 equidem
857 1640 1035 1706 indisertam
1062 1657 1147 1726 pru·
1206 1625 1207 1670 ³

155 1747 308 1823 dentiam,
333 1747 426 1827 quam
452 1743 614 1808 stultitiam
640 1743 819 1828 loquacem.
874 1745 929 1808 Sin
955 1746 1133 1828 quaerimus,

156 1851 231 1936 quid
256 1869 352 1914 unum
376 1848 509 1914 excellat
524 1869 561 1912 ex
585 1849 738 1925 omnibus,
762 1848 999 1941 dfflffllflll‘lll
1024 1849 1133 1934 palma
1204 1865 1207 1882 ⁴

156 1956 262 2022 danda
277 1966 340 2020 est:
362 1970 456 2035 quem
468 1953 492 2018 si
503 1953 662 2037 patiuntur
677 1953 812 2018 eundem
822 1975 889 2018 esse
902 1953 1133 2038 philosophum,

154 2060 280 2127 ublate
291 2057 503 2124 controversia
518 2068 574 2123 est.
619 2057 943 2142 Sineosdisjungent3
965 2059 1025 2134 hoc
1041 2069 1153 2156 erunt.

154 2164 324 2240 inferiores,
349 2163 433 2245 quod
448 2163 479 2226 in
495 2173 619 2227 oratore
635 2162 775 2246 perlecto
791 2162 871 2226 inest
892 2162 1012 2258 illorum
1028 2163 1133 2228 omnis
1204 2155 1207 2171 ⁴

143 2269 296 2352 scientia,
321 2267 352 2332 in
368 2266 624 2351 philosophorum
649 2278 755 2330 autem
782 2265 962 2350 cognitione
978 2287 1041 2330 non
1056 2288 1134 2331 con·

156 2373 242 2440 unua
258 2371 338 2436 inest
354 2371 560 2453 eloquentie3
581 2391 652 2452 quae
677 2370 818 2454 quamvis
844 2377 1064 2434 contemnatur
1089 2371 1133 2434 ab
1206 2395 1207 2432 Τ

154 2479 210 2554 eis,
224 2496 354 2540 neccsse
369 2486 416 2538 est
430 2485 536 2539 tamen
553 2474 688 2556 aliquem
705 2474 863 2540 cumulum
877 2474 998 2553 illorum
1012 2475 1133 2540 artibus

140 2581 265 2648 afferre
279 2578 429 2644 videatur.
474 2578 555 2642 Haec
570 2580 643 2642 edm
666 2579 795 2642 Crassus
809 2579 946 2656 dixisset,
959 2601 1133 2666 parumper

155 2698 188 2752 et
198 2685 266 2770 ipsa
280 2684 442 2759 conticuit,
457 2693 489 2748 et
500 2681 621 2748 caeteris
633 2682 787 2748 silentium
803 2683 869 2747 fuit.

196 2789 348 2856 XXXVI.
371 2788 454 2852 Turn
471 2787 577 2865 Cotta,
600 2787 767 2872 Equidem,
792 2787 901 2871 inquit,
915 2786 1040 2868 Crasse,
1065 2811 1133 2856 nou

155 2916 283 2982 possum
305 2892 401 2977 queri,
413 2893 500 2975 'quod
515 2892 589 2956 milri
604 2893 729 2958 videare
745 2893 829 2958 aliud
843 2891 1004 2974 quiddam,
1019 2904 1051 2958 et
1065 2915 1134 2960 non

154 3001 187 3064 id
202 2999 287 3082 quod
307 2997 489 3080 susceperis,
510 2995 701 3080 disputarem
723 2997 792 3081 plus
806 2995 891 3061 enim
905 2997 1064 3079 aliquanto
1086 3010 1136 3064 at·
1206 3037 1207 3072 1

154 3103 259 3180 tulisti,
268 3103 366 3186 'quam
382 3101 436 3164 tibi
452 3111 534 3164 esset
546 3101 696 3164 tributum
707 3123 726 3164 a
737 3101 827 3165 nobis
836 3123 882 3164 -ae
893 3103 1135 3168 denuntiatum:
1206 3093 1207 3102 ¹

153 3208 209 3274 red
225 3207 310 3272 celte
325 3215 367 3278 et,
383 3203 432 3268 hae
447 3215 552 3289 partes
567 3205 689 3270 suerunt
704 3216 775 3281 tuae,
801 3205 841 3268 de
858 3205 1038 3271 illustrandi
1062 3229 1136 3273 ora·
1206 3193 1207 3198 ἵ

38 3336 41 3340 ·
154 3311 241 3378 tione
256 3321 291 3375 ut
305 3309 444 3385 diceres3
466 3319 498 3374 et
522 3329 591 3374 eras
617 3309 682 3392 ipse
702 3309 768 3393 jam
794 3307 960 3394 ingressus,
986 3323 1083 3394 atque
1099 3312 1136 3378 in

155 3426 289 3500 quatuor
314 3412 418 3498 partes
440 3432 568 3476 omnem
583 3410 730 3476 orationis
752 3412 878 3478 laudem
899 3415 1136 3502 descripseras:
1206 3467 1207 3496 ,

155 3523 291 3600 eumque
316 3517 357 3580 ds
372 3515 493 3580 duabus
507 3515 612 3600 primis
626 3516 717 3581 nobis
743 3518 869 3603 quidem
893 3521 981 3599 saris,
1002 3521 1069 3598 red,
1097 3531 1137 3588 ut

154 3625 221 3710 ipre
235 3619 375 3698 dicebas,
394 3619 535 3684 celeriter
549 3619 723 3705 exigueque
736 3621 875 3700 dixisses,
899 3621 978 3690 duas
992 3625 1047 3692 tibi
1062 3625 1138 3692 reli·
