2466 3966
146 129 204 188 122
360 141 401 186 nn
425 141 577 186 carrona
601 140 699 194 mnne
723 139 903 184 saenunus.
1098 191 1109 224 ⁸

30 315 35 326 ·
105 349 112 365 ,
144 285 1123 382 aliquemdiceudiexplicemus,redutdoctissimirhominibus

95 411 100 418 ·
130 381 320 462 ‘uiuenditri
335 394 424 477 quesi
436 394 583 476 quedem
599 393 719 458 monite
734 393 905 458 tradamus.
950 391 1008 456 llis
1027 391 1122 476 igitur

141 499 218 588 locis
232 501 263 563 in
289 509 397 566 mente
411 510 444 564 ct
468 497 664 584 cogitatione
688 497 808 574 defixis,
833 509 867 563 et
881 498 912 562 in
928 496 1015 562 omni
1029 517 1061 560 re
1078 499 1120 562 ed

34 593 46 629 ‘⁵
60 607 63 616 '
77 605 108 658 “’ῒ
135 585 315 668 di‘e‘e‘n‘dum-
326 603 428 688 positi
441 602 599 679 excitatis,
613 601 689 682 nihil
703 601 772 677 erit,
797 602 883 684 quod
898 611 1057 666 oratorem
1079 599 1122 668 es·

139 708 248 793 fugere
268 707 377 792 possit,
402 728 465 772 non
482 705 625 772 meddin
640 704 1121 790 forensibusdisceptationibus,

139 813 194 876 sed
210 811 339 878 omnino
351 811 382 876 in
398 809 461 876 ullo
476 830 593 896 genere
608 809 743 875 dicendi.
772 863 774 870 s
788 809 823 874 Si
839 809 912 874 verri
928 821 1120 890 assequetur,

61 982 63 995 ,
138 928 173 982 ut
184 915 254 983 talis
269 915 419 991 videatur,
434 914 560 999 qualem
572 935 606 980 se
622 913 718 980 videri
729 913 813 991 velit,
823 924 860 980 et
872 914 994 980 animos
1010 933 1119 978 eorum

137 1023 182 1086 ite
188 1019 322 1096 afficiat,
337 1019 423 1104 opud
438 1039 518 1103 quos
530 1030 617 1105 aget,
630 1031 665 1082 ut
686 1039 755 1096 eos,
766 1037 956 1100 quocunque
969 1016 1055 1098 rclit,
1069 1016 1119 1082 vel

94 1127 97 1139 '
136 1125 261 1190 trahere
275 1123 324 1190 rel
339 1143 450 1208 repere
465 1123 583 1210 possit3
604 1123 678 1188 nihil
691 1121 833 1207 profectd
851 1123 1058 1208 pretereo-ad
1074 1123 1119 1189 di·

135 1231 273 1298 cendum
289 1228 435 1311 requiret.
478 1228 552 1295 lam
568 1227 798 1293 illudridemns
814 1247 1019 1312 nequequam
1040 1229 1120 1293 satis

135 1356 214 1412 esse,
229 1333 366 1418 reperire
377 1332 452 1418 quid
467 1333 567 1410 dieas,
588 1333 646 1396 nisi
661 1332 692 1396 id
708 1333 870 1398 inventum
895 1343 1032 1398 tructerc
1047 1321 1118 1416 pas·

133 1440 184 1503 sis.
228 1437 393 1522 Tractatio
409 1448 517 1504 eutem
528 1437 614 1502 varie
623 1458 692 1502 esse
703 1435 811 1514 debet,
822 1457 862 1500 ne
874 1447 929 1502 eut
941 1449 1117 1522 cognoscat

133 1554 245 1620 artem,
260 1543 313 1624 qui
328 1542 448 1619 audiet,
463 1553 519 1608 aut
532 1541 724 1627 defatigetur
738 1540 945 1606 similitudinis
959 1541 1115 1606 satietate.

134 1646 272 1730 Prcpcni
288 1657 425 1730 oportet,
440 1646 514 1727 quid
531 1645 655 1720 afferes,
680 1655 712 1736 et
727 1645 756 1708 id
774 1665 871 1726 quere
886 1645 930 1708 ite
941 1646 990 1720 sit,
1012 1655 1116 1710 osten·

29 1833 34 1844 ,
132 1753 225 1816 dare:
248 1761 281 1814 et
295 1751 406 1814 iisdem
432 1749 489 1814 illis
512 1747 589 1816 locis
615 1747 772 1812 interdum
799 1747 1000 1826 concludere,
1026 1749 1116 1817 relin-

133 1876 229 1938 quere
245 1854 332 1932 elidr,
348 1851 472 1944 elisique
491 1851 640 1918 transire:
664 1854 749 1936 saepe
773 1873 836 1920 nou
853 1872 1040 1937 proponere,
1065 1875 1116 1930 nc,
1212 1879 1219 1898 ·

131 1959 253 2024 ratione
268 1958 335 2043 iperi
350 1956 521 2033 afferesne,
546 1957 621 2041 quid
636 1956 879 2042 proponendum
894 1955 995 2032 suerit,
1009 1957 1114 2024 decla·

129 2081 219 2130 rare:
240 2062 333 2146 sicui
347 2062 423 2145 quid
438 2060 538 2126 simile
553 2061 651 2153 dicas,
666 2061 749 2144 priris
765 2070 802 2145 ut¹
814 2059 912 2126 simile
924 2061 1115 2128 confirmes:

130 2169 245 2264 deinde
260 2168 345 2249 quod
371 2131 683 2252 egitur,rid¹1iin‘gns:
710 2175 829 2248 puncta
854 2177 1113 2252 argumentorum
1176 2169 1177 2174 ’
1206 2182 1215 2200 *

130 2274 313 2357 plerumque
329 2283 363 2335 ut
377 2270 517 2348 occulus,
536 2291 576 2334 ne
591 2269 660 2354 quis
674 2289 715 2334 eu
726 2273 892 2334 numerere
908 2271 1015 2354 possit,
1031 2284 1063 2336 ut
1080 2294 1113 2337 re
1182 2269 1184 2278 '

129 2378 370 2462 distinguantur,
382 2376 483 2440 verbis
498 2375 631 2440 confusa
644 2395 713 2440 esse
729 2374 900 2440 videantur.
1210 2365 1215 2370 ’

170 2479 272 2543 XLII.
295 2468 387 2556 Hoe'c,
398 2490 432 2543 ut
443 2489 476 2542 et
487 2499 671 2564 properans,
686 2487 718 2542 et
733 2478 817 2562 opud
834 2478 957 2554 doctos,
971 2489 1004 2543 et
1019 2482 1111 2544 semi-

127 2570 240 2650 doctus
254 2583 321 2667 ipse
336 2601 495 2667 percurro,
509 2593 544 2646 ut
562 2581 733 2662 aliquando
755 2581 795 2645 ad
812 2579 863 2646 ille
876 2583 997 2667 majora
1007 2586 1111 2650 venia·

128 2711 206 2754 mus.
250 2686 334 2752 Nilril
349 2685 496 2752 ectenim
510 2684 542 2750 in
567 2685 715 2762 dicendo,
730 2684 855 2763 Catule,
879 2685 990 2772 majus,
1015 2673 1110 2770 quem
1216 2669 1221 2686 λ

129 2806 163 2860 ut
177 2793 281 2859 laneat
293 2790 408 2858 oratori
423 2789 448 2854 ic
463 2790 516 2872 qui
539 2789 657 2866 audiet,
680 2801 776 2872 utque
789 2788 856 2874 ipse
872 2790 921 2864 ,sic
937 2803 1111 2869 moveatur,

129 2910 163 2963 ut
178 2898 301 2980 impetu,
312 2895 450 2977 quodem
476 2893 571 2958 animi
586 2905 618 2959 et
635 2893 869 2978 perturbatione
885 2895 999 2979 magis,
1014 2899 1109 2978 quam

124 2993 243 3086 judicic
259 2998 613 3084 autconsilic,regatur.
658 2997 752 3062 Plura
761 2999 846 3063 enim
857 2999 956 3064 multd
967 2999 1110 3066 homines
1205 2981 1213 2998 ’

124 3103 267 3189 judicent
282 3098 366 3178 odio,
381 3113 435 3166 aut
449 3122 568 3180 emere,
593 3109 648 3166 eut
662 3101 847 3187 cupiditate,
868 3112 922 3167 cut
937 3104 1111 3182 iracundid,

128 3217 184 3274 aut
208 3204 326 3281 dolore,
355 3216 408 3270 aut
433 3204 550 3284 letitie,
572 3216 626 3271 eut
651 3227 718 3290 spe,
744 3216 799 3269 aut
827 3206 951 3285 timore,
981 3221 1045 3286 cut,¹
1061 3231 1109 3275 er·
1191 3206 1200 3236 ⁷

127 3331 207 3388 rore,
232 3319 286 3376 aut
301 3308 404 3392 eliqua
417 3310 612 3401 permotipne
633 3309 756 3385 mentis,
777 3311 872 3393 quiam
894 3311 1036 3389 veritate,
1052 3325 1107 3378 ent
1217 3367 1220 3380 .

129 3414 321 3502 prescripto,
345 3423 400 3478 aut
417 3412 493 3499 juris
518 3404 763 3498 ndrm'a‘nliqud,
789 3426 843 3481 aut
863 3415 971 3500 judicii
993 3416 1109 3482 sormu—
1198 3474 1220 3502 Ι,

129 3521 169 3597 ld,
184 3527 238 3616 put
252 3516 382 3604 legibue·
426 3516 549 3596 Quare,
570 3516 627 3582 nisi
642 3517 717 3599 quid
732 3518 819 3584 robis
834 3517 916 3584 aliud
932 3517 1048 3605 placet,
1063 3523 1105 3586 ud
1217 3497 1223 3525 ¹

130 3626 182 3692 ille
195 3642 373 3712 pergemus.
