2458 3972
332 165 379 212 n
398 165 554 210 camme
573 167 674 210 cren
694 148 848 213 umisa.
1018 151 1081 211 ΞΒ
1104 196 1113 211 .

101 333 181 380 curn
192 312 487 380 ebumeciiaob'tcs
500 327 550 382 ast
563 315 805 392 brunantun,
828 313 881 399 qui
904 317 1002 380 staret
1029 336 1082 380 oe

100 420 187 484 urite
202 430 279 504 poct-
289 418 401 504 ipsum,
412 423 488 484 edna
497 421 750 498 concionaretur,
764 421 898 504 peritum
913 419 1081 506 bominem,

100 523 161 606 qui
184 521 308 588 inflaret
320 523 465 590 ‚ceieriter
478 545 555 588 eum
573 545 695 600 sonum,
710 543 773 606 que
788 513 873 588 ilium
890 535 944 588 aut
972 524 1077 606 rernm

102 627 837 704 sumeseitcret,untacumentionereroceret,
881 626 1081 704 Audiebantu-
1197 675 1207 690 ,

104 730 244 808 barcula,
258 731 358 814 inquit
372 731 521 808 Catuiura
541 744 574 797 et
584 734 668 816 saepe
683 750 752 796 sum
764 731 935 796 admiratus
950 731 1083 820 hominib

103 833 984 920 crimdiligentiumtumetiamdoctrinemetscieutianr.
1012 835 1083 920 Ego

105 938 192 1016 verri,
206 937 307 1022 inquit
321 939 470 1017 Crassusr
490 961 531 1004 ac
545 939 639 1004 doleo
650 941 788 1023 quidem,
799 940 867 1004 iiior
878 937 958 1004 viros
969 939 1001 1003 in
1012 948 1084 1004 eam

109 1043 302 1108 fraudemin
326 1042 486 1128 republica
500 1064 569 1107 esse
583 1043 749 1126 delapsos:
772 1061 953 1126 quanquam
969 1065 1009 1108 ea
1022 1043 1087 1108 teir

60 1171 63 1177 ·
107 1147 235 1224 texitur,
245 1159 278 1212 et
288 1167 328 1212 aa
342 1147 490 1212 incitatur
500 1148 530 1211 in
544 1147 672 1211 civitate
687 1148 767 1211 ratio
781 1148 915 1224 vivendi,
930 1169 970 1212 ac
984 1157 1086 1232 poste·

107 1251 191 1316 rituti
204 1251 388 1327 ostenditur,
402 1263 436 1314 ut
450 1272 558 1332 eorum
571 1250 695 1326 civium,
707 1272 786 1332 quos
797 1249 894 1315 nostri
906 1262 1011 1334 patres
1021 1272 1086 1317 non
1131 1308 1134 1314 .

106 1355 255 1430 tulerunt,
265 1355 332 1440 jam
347 1355 460 1420 similes
475 1355 592 1420 habere
607 1355 780 1438 cupiamus.
825 1355 928 1430 Mitte,
943 1353 1086 1432 obsecro,

107 1459 219 1541 inquit,
233 1459 358 1536 Crasse,
372 1459 390 1522 J
394 1459 481 1536 uiius,
492 1480 668 1524 sermonem
696 1459 807 1534 istum3
837 1469 870 1523 et
885 1469 916 1521 te
932 1458 973 1520 ad
988 1457 1088 1522 Grac·

108 1563 164 1628 cbi
178 1563 313 1626 fistuiam
327 1561 425 1639 resen
456 1563 543 1648 cujus
566 1583 638 1647 ego
653 1563 793 1626 nondum
814 1562 907 1647 piane
933 1561 1087 1626 rationem
1163 1627 1166 1636 ,

109 1665 262 1750 intelligo.
633 1683 658 1750 g
1073 1671 1080 1693 ‘

152 1770 239 1836 LXI.
261 1770 298 1834 In
313 1771 400 1859 omni
411 1791 503 1848 noae,
520 1771 617 1854 iuquit
632 1771 773 1848 Crassus,
788 1782 836 1837 est
850 1771 1011 1865 quoddam
1021 1793 1089 1840 me·

107 1875 209 1952 dium,
221 1875 277 1940 sed
293 1895 384 1938 suum
397 1876 511 1958 cuique
525 1855 602 1941 voci.
647 1875 731 1940 Hinc
746 1877 902 1960 gradatim
918 1879 1090 1944 ascendere

108 1993 222 2043 vocem
243 1977 318 2042 utile
339 1989 373 2044 et
393 1998 488 2044 suave
510 1989 576 2056 est3
609 1981 698 2060 (narn
721 2001 740 2042 a
762 1979 914 2063 principio
940 1981 1089 2060 clamare,

110 2094 235 2174 agreste
251 2079 400 2166 quiddam
416 2087 495 2169 est3)
511 2095 543 2149 et
564 2083 649 2148 idem
670 2083 743 2148 iilud
767 2085 806 2147 ad
830 2084 1018 2148 firmandam
1041 2097 1090 2150 eat

12 2239 16 2258 ,
109 2207 223 2252 vocem
239 2186 384 2252 satutare.
429 2187 552 2252 Deinde
567 2199 615 2252 est
630 2188 790 2268 quoddam
807 2187 1018 2252 contentionis
1039 2210 1091 2254 ox·

78 2359 80 2364 ,
109 2301 256 2367 tremum,
272 2290 370 2373 (quod
386 2301 492 2386 tamen
504 2291 629 2355 interius
641 2302 699 2368 ast,
714 2295 807 2374 qudm
821 2293 1017 2359 acutissimus
1028 2295 1091 2360 cia·

110 2395 205 2476 mon)
227 2394 290 2476 qud
306 2404 337 2457 te
352 2393 455 2458 fistula
470 2394 617 2480 progredi
641 2395 737 2481 [nou]
760 2397 851 2474 sinet,
873 2408 904 2464 et
926 2399 1091 2464 tamenab

111 2495 180 2582 ipsa
194 2496 397 2562 contentione
417 2499 587 2564 revocabit.
631 2499 689 2564 Est
710 2499 786 2564 item
808 2505 918 2568 contra
941 2503 1091 2586 quiddam

110 2601 143 2665 in
163 2600 343 2666 remissione
364 2602 590 2686 gravissimum,
611 2605 748 2689 qudque,
771 2616 922 2689 tanquam
943 2629 1092 2673 sonorum

110 2704 272 2788 gradibus,
287 2703 494 2772 descenditur.
539 2707 620 2772 Haec
635 2709 780 2785 varietas,
799 2721 833 2774 et
846 2707 897 2773 hio
912 2731 967 2793 per
982 2731 1093 2777 omnes

110 2829 207 2872 sonos
223 2808 306 2872 vocis
322 2830 440 2887 cursus,
455 2822 487 2875 et
502 2833 535 2874 sa
551 2812 696 2888 tuebitur,
719 2823 751 2875 et
767 2812 884 2876 actioni
899 2812 1010 2879 afferet
1024 2836 1093 2880 rua·

111 2912 251 2978 ritatem.
291 2912 356 2976 Sed
367 2913 571 2991 fistulatorem
584 2915 670 2978 domi
683 2916 877 2998 relinquetur
898 2937 1024 2982 sensum
1039 2919 1094 2984 hu·
1121 3001 1124 3006 Ι

105 3017 159 3108 jus
173 3001 406 3080 consuetudinis
422 3016 582 3082 vobiscum
598 3019 638 3082 ad
654 3019 753 3082 iorum
770 3019 926 3085 deieratis.

156 3119 260 3196 Edidi,
274 3141 344 3202 quar
360 3122 458 3205 potui,
472 3141 534 3184 non
546 3135 579 3186 ut
591 3110 683 3200 voiui,
698 3124 752 3186 sed
767 3135 801 3186 ut
813 3144 863 3188 me
878 3125 1026 3208 temporis
1042 3147 1096 3192 an·

110 3223 224 3308 gnatia
247 3237 428 3308 coegerunt.
473 3226 594 3291 Scitum
609 3239 656 3291 cst
671 3227 753 3291 enirn
770 3249 899 3294 causam
912 3229 1053 3295 conferre
1064 3231 1096 3297 in

110 3347 247 3411 tempus,
261 3331 335 3392 cunr
348 3327 457 3394 afferre
469 3329 568 3414 plura,
582 3330 607 3394 si
619 3332 737 3415 cupias,
753 3351 816 3396 non
828 3352 936 3416 queas.
979 3333 1030 3401 Tu
1042 3357 1093 3401 re·

110 3433 159 3508 ιό,
169 3431 268 3514 inquit
280 3431 420 3508 Catulus,
431 3432 584 3519 collegisti
596 3436 713 3512 omnia,
724 3447 878 3520 quantum
890 3458 951 3522 ego
965 3460 1094 3524 possum

106 3536 262 3622 judicare,
277 3536 322 3599 ita
335 3535 490 3613 divinitus,
504 3551 538 3602 ut
553 3561 616 3602 non
632 3561 651 3603 a
667 3539 787 3604 Graecis
799 3541 955 3620 didicisse,
969 3545 1024 3608 sed
1038 3565 1093 3608 eos

12 3729 15 3735 Α
111 3643 198 3742 {put
213 3637 280 3718 uae
295 3640 412 3716 ducere
427 3661 530 3736 posse,
545 3643 679 3718 videare.
724 3645 779 3718 Me
794 3645 920 3738 quidem
937 3647 1095 3717 auersa,
