2458 3972
326 147 368 200 na
391 145 539 192 onasoau
562 145 658 190 arasa
681 111 831 192 suerrus}
997 127 1056 190 isi

85 291 136 360 do
149 307 193 359 ue
203 286 388 360 'continuum
403 293 454 371 sit,
476 293 507 358 in
523 294 669 360 orationis
682 293 776 358 laude
790 303 931 379 ponetur.
973 289 1058 359 Nam

85 396 118 460 si
132 397 217 463 rudis
229 409 260 464 et
275 397 414 484 impolita
425 381 565 484 putanda
575 409 623 464 est
637 396 686 462 illa
702 399 767 462 sine
780 395 944 463 intervallis
954 393 1060 478 loqua-

21 515 26 530 ·
74 501 175 584 ‚sitas
190 500 332 586 derennis
348 513 379 566 et
394 501 560 586 profluens,
574 501 647 584 quid
663 513 710 566 est
726 502 808 566 aliud
823 521 936 577 causae,
950 519 1004 565 eur
1015 521 1060 566 re·

91 589 318 688 pudietur,nisi
333 605 416 687 quiid
432 605 590 670 hominum
604 623 692 670 aures
707 625 817 672 vocem
832 602 942 671 uaturd
953 604 1061 668 modu·

91 707 199 772 lentur
209 707 308 794 ipsud
331 706 414 792 quod
429 709 505 785 fieri,
517 709 572 772 nisi
588 710 666 774 inest
681 729 825 774 numerus
840 709 870 772 in
885 729 974 781 vose,
995 725 1059 772 uon

33 827 36 832 '
79 817 209 894 'potest
252 810 408 876 Numerus
430 828 534 876 aurem
560 813 592 876 in
617 813 850 878 continuatione
875 811 974 878 nullus
993 820 1058 876 est:
1090 823 1091 828 ’

88 914 263 992 distinotie,
277 927 308 979 et
320 915 495 997 aequalium,
516 927 548 980 et
569 918 652 1000 saepe
667 917 821 981 variorum
832 915 1060 984 intervallorum

92 1020 264 1103 percussio,
288 1035 449 1084 numerum
477 1019 622 1094 confici13
643 1039 735 1100 quern
750 1021 780 1084 in
796 1018 979 1087 cadentibus
992 1029 1061 1104 gut·

40 1195 60 1210 ,⁵
91 1123 145 1199 tis,
160 1123 244 1206 quud
265 1121 430 1188 intervallis
444 1123 682 1206 distinguuntur,
698 1136 807 1188 notare
833 1139 1010 1208 possumus3
1030 1123 1061 1190 iu

92 1226 182 1290 amni
197 1225 410 1310 praecipitante
425 1246 487 1290 non
503 1245 675 1308 possumus.
719 1226 815 1297 Quod
830 1227 856 1292 si
866 1225 1060 1294 continuatio

40 1333 42 1338 '
95 1320 259 1396 uerborum
273 1329 340 1394 haee
354 1332 454 1392 soluta
469 1329 566 1392 multe
578 1341 626 1394 est
637 1330 737 1415 aptior
748 1342 842 1413 atque
848 1329 1026 1416 jucundior,
1035 1329 1060 1396 si

29 1473 36 1490 ·
94 1443 146 1500 est
156 1433 289 1498 articulis
305 1433 510 1514 membrisque
522 1433 677 1510 distincta,
688 1436 779 1515 quam
792 1434 817 1498 si
831 1433 1012 1498 continuata
1021 1454 1061 1504 aa

36 1517 46 1548 ²
77 1537 270 1621 ‚prouertu
291 1535 494 1604 membraiila
509 1537 767 1603 modificataesse
790 1537 967 1604 debebunt:
989 1557 1060 1621 quaa

94 1639 123 1705 si
137 1640 168 1706 in
179 1650 318 1706 extremo
332 1641 472 1705 breviora
497 1651 578 1718 sunt,
601 1640 773 1726 infringitur
786 1641 836 1707 ille
851 1641 939 1726 quasi
952 1640 1060 1706 verbo·

48 1745 53 1766 '
95 1765 166 1810 rum
181 1745 314 1830 ambitus
324 1731 340 1808 τ’
354 1745 399 1809 sia
412 1744 496 1808 enim
516 1743 572 1810 hes
583 1745 730 1812 orationis
745 1746 961 1812 conversiones
977 1745 1063 1812 Grae·

15 1837 21 1880 ³
96 1847 128 1914 ci
152 1849 324 1913 nominant.
366 1848 476 1918 Quare
492 1858 545 1913 aut
566 1849 655 1933 paria
679 1871 746 1915 esse
761 1850 877 1916 debent
892 1848 1065 1934 posteriora

60 2013 63 2021 .
94 1950 314 2036 superioribus,
328 1961 467 2016 extrema
478 1951 591 2035 primis,
603 1961 667 2031 aut,
681 1955 765 2034 quod
781 1955 873 2018 etiam
890 1963 937 2016 est
952 1951 1059 2019 melius

16 2085 21 2138 7
94 2053 313 2139 etjuoundius,
337 2043 512 2139 longiore*

138 2157 256 2228 norm
279 2157 381 2241 Atque
391 2159 461 2222 haee
472 2157 597 2240 quidem
612 2157 652 2222 eb
663 2157 705 2221 iis
713 2157 912 2242 philosophis,
937 2151 1076 2241 quostuss

96 2259 231 2326 maxime
241 2256 351 2344 diligis,
366 2260 487 2337 Catule,
511 2261 597 2326 dieta
610 2272 702 2337 sunt3
722 2262 805 2344 quod
821 2262 860 2326 sd
874 2261 985 2345 saepius
1000 2272 1059 2326 tes·

15 2419 16 2430 ,
95 2365 209 2444 tideor,
219 2375 263 2441 ut.
278 2365 453 2438 rumoribus
468 2364 640 2442 laudandis,
655 2365 840 2449 ineptiarum
853 2365 971 2430 arimen
987 2363 1065 2430 effu·-

98 2469 194 2555 giaurss
237 2468 380 2538 Quarum
390 2468 537 2534 tandem?
559 2469 657 2554 inquit
678 2468 826 2547 Catulum
848 2481 901 2534 aut
915 2469 988 2552 quid
1002 2469 1062 2536 dis·

15 2627 18 2636 ,
42 2559 45 2566 ’
70 2611 80 2642 .·
99 2572 262 2658 putatione
275 2571 331 2636 istri
344 2570 444 2638 afferri
459 2583 562 2656 potest
576 2571 758 2658 elegantius,
782 2585 837 2639 nut
852 2573 978 2638 omnino
1000 2571 1062 2636 diei

98 2675 261 2742 subtiliusi
284 2675 326 2738 At
350 2675 432 2743 enim
454 2697 572 2753 versor,
586 2675 683 2758 inquit
706 2676 844 2752 Crassus,
859 2697 898 2740 ne
913 2675 980 2740 nse
1007 2685 1062 2756 aut

48 2819 50 2824 -
98 2778 272 2845 difficiliora
297 2779 359 2845 istis
375 2779 416 2844 ad
441 2780 689 2864 persequendum
711 2801 779 2844 esse
803 2779 975 2856 videantur,
996 2789 1061 2855 aut,

98 2883 249 2966 quianon
265 2883 426 2958 traduntur
440 2881 470 2944 in
487 2882 602 2966 vulgari
627 2881 863 2967 istddisoiplind,
878 2905 934 2948 nos
948 2903 987 2947 ea
999 2903 1062 2946 ma·

94 2989 166 3074 jora
178 3007 216 3052 ao
226 2985 398 3056 difficiliora
412 2985 506 3050 uideri
521 2984 598 3050 velle
613 2986 779 3054 videamur.
823 2987 907 3052 Tum
921 2987 1061 3066 Catulus,

95 3075 204 3166 Erras,
215 3089 322 3172 inquit,
337 3090 458 3166 Crasse,
473 3089 496 3172 si
520 3099 573 3154 aut
585 3109 645 3166 me,
671 3090 847 3156 authorum
872 3111 1061 3174 quenquam,

99 3204 263 3280 potesate
273 3195 340 3258 hmo
350 3215 445 3278 opera
457 3193 636 3276 quotidiana
647 3203 679 3257 et
690 3207 860 3279 pervagata
871 3205 1061 3279 exspectare.

98 3298 175 3374 lsta,
185 3317 255 3381 qum
266 3298 353 3374 diois,
364 3299 424 3363 dioi
436 3299 594 3374 solumus3
616 3318 717 3380 neque
733 3311 796 3362 tam
809 3300 881 3376 diei,
895 3299 987 3381 quern
1002 3299 1062 3364 isto

33 3453 35 3460 ,
98 3399 163 3471 dici
187 3401 300 3472 medor
322 3422 424 3484 neque
449 3401 503 3464 tibi
519 3402 579 3466 hoe
595 3421 650 3484 pro
666 3423 715 3466 me
730 3402 839 3480 solum,
864 3403 918 3468 sed
935 3424 990 3487 pro
1015 3404 1062 3470 his

100 3503 254 3580 omnibus,
267 3503 333 3569 sine
358 3502 418 3572 ulte
437 3503 631 3570 dubitatione
656 3506 839 3592 respondeo.
883 3507 954 3593 Ego
979 3507 1085 3583 verri,-

101 3607 199 3706 'ruquit
215 3606 377 3694 numnius,
392 3606 495 3682 inveni
520 3609 659 3686 tradem,
678 3629 772 3701 quam
796 3611 945 3700 negaram
968 3611 998 3676 iu
1018 3629 1059 3676 eo
