2466 3966
105 115 166 174 114
332 137 375 192 aa
387 137 551 186 mamona
568 137 666 181 sanas
692 133 872 206 ssccuous.

103 276 197 342 dere:
221 279 289 354 sed,
301 290 335 343 ut
350 280 409 364 ipsi
418 282 506 346 oleo
514 281 632 358 dicere,
645 305 708 346 non
720 282 838 348 licebit.
882 281 998 360 Neque
1014 279 1102 344 enim

103 377 171 462 ipse
187 380 337 444 auxilium
363 397 460 466 suurn¹
482 388 567 468 saepe
584 406 603 446 a
619 385 689 448 viris
706 385 797 448 bonis
813 384 925 449 frustra
939 381 1103 466 implorari

103 479 255 564 patietur,
269 504 374 566 neque
386 485 417 548 id
430 505 522 566 aequo
535 486 643 548 animo
658 487 738 550 seret
753 487 879 550 civitas:
902 503 974 564 quae
986 484 1103 568 sivoce
1136 522 1140 530 ·
1228 493 1229 512 ¹

106 581 145 644 L.
167 583 273 648 Crassi
300 589 432 662 carebit,
457 587 647 652 ornamento
671 589 813 668 quodam
836 609 906 651 sese
921 586 1105 669 spoliatam,

104 688 239 770 putabit.
285 689 382 766 Nam,
398 690 515 765 hercle,
538 691 640 770 inquit
656 691 824 766 Antonius,
848 691 874 752 si
898 689 968 752 haec
984 689 1066 770 verb·
1083 708 1106 750 a

79 869 82 875 .
106 789 223 874 Catulo
249 792 337 854 dicta
362 803 444 875 sunt,
470 792 527 854 tibi
543 813 669 856 mecum
696 792 728 854 irt
751 793 867 856 eodem
889 801 937 854 est
961 782 1106 874 pistrino,
1145 868 1149 886 ι

106 891 233 974 Crasse,
248 893 437 976 vivendum:
460 905 493 957 et
508 893 603 958 istam
619 895 812 958 oscitantem
824 903 861 958 'et
876 894 1106 968 dormitantem
1169 940 1171 943 .

105 994 299 1078 sapientiam
326 995 544 1060 Scaevolarum
571 1007 603 1060 et
630 1009 819 1080 caejterorum
843 997 1013 1059 beatorum
1038 991 1106 1056 otio

107 1098 333 1160 concedamus.
390 1097 500 1163 Arrisit
524 1099 577 1162 hic
603 1099 735 1168 Crassus
750 1099 884 1174 leniter,
909 1109 952 1174 et,
976 1106 1107 1180 perteue

13 1272 18 1282 ι
106 1199 215 1285 modo,
230 1199 341 1282 inquit,
359 1201 491 1278 Antoni,
517 1203 602 1282 quod
625 1223 755 1264 exorsus
782 1220 835 1264 es:
852 1221 903 1264 me
920 1211 1029 1262 tamen
1044 1199 1108 1262 ista

107 1301 247 1366 oscitans
262 1303 431 1387 sapientia,
457 1304 648 1384 simulatque
676 1305 716 1366 ad
733 1309 806 1366 eam
824 1303 1011 1385 confugero,
1027 1301 1056 1362 in
1074 1300 1108 1362 li·

107 1405 266 1470 bertatem
282 1405 467 1470 vindicabit.

151 1509 305 1572 XXXIV.
330 1509 432 1595 Hujus
447 1510 576 1593 quidem
601 1509 673 1587 loci,
697 1529 793 1590 quem
820 1509 1109 1570 moddsumexor·
1140 1565 1144 1570 .
1228 1563 1229 1570 ,

108 1631 172 1686 sus,
184 1611 235 1688 bic
247 1622 295 1691 est
321 1613 402 1687 finis,
426 1613 526 1692 inquit
550 1612 727 1674 Antonius:
750 1612 901 1690 quoniam
913 1609 1111 1692 intelligitur,

109 1711 215 1796 nonin
232 1712 395 1794 hominum
412 1713 694 1776 innumerabilibus
711 1714 864 1795 personis,
877 1733 981 1792 neque
992 1711 1023 1774 in
1041 1713 1108 1774 inli-

109 1813 175 1877 nita
190 1824 370 1896 temporum
394 1815 558 1890 varietate,
585 1815 640 1876 sed
667 1815 698 1876 in
719 1833 874 1896 generum
889 1814 994 1876 causis
1010 1831 1130 1896 atquej

16 1949 18 1955 ·
109 1917 240 1996 naturis,
251 1916 359 1982 omnia
375 1917 435 2002 sita
451 1938 531 1992 esse,
543 1937 614 2000 quae
630 1917 660 1980 in
677 1917 809 1980 dubium
825 1927 1032 1993 vocarentur,
1053 1939 1110 2000 ge-

109 2043 188 2103 nera
204 2005 396 2105 autemesse
420 2019 563 2097 definita,
579 2042 642 2084 non
660 2020 761 2084 solum
777 2040 921 2095 numero,
936 2021 993 2082 sed
1009 2021 1109 2082 etiam

110 2125 289 2208 paucitate:
312 2135 348 2187 ut
359 2145 432 2188 eam
445 2123 611 2187 materiem
626 2123 788 2198 orationis,
804 2143 876 2202 quae
892 2109 1045 2205 cujusque
1061 2145 1110 2186 es·

109 2239 159 2292 set
173 2229 309 2312 generis,
332 2226 465 2292 studiosi
484 2227 537 2308 qui
561 2237 667 2291 essent
690 2225 838 2302 dicendi,
856 2226 1009 2294 omnibus¹
1029 2225 1110 2316 locis

18 2389 30 2402 ,
110 2332 315 2414 descriptam,
337 2331 535 2406 instructam,
551 2341 762 2412 ornatamque
787 2329 1110 2414 comprehenderent,

111 2433 205 2498 rebus
217 2434 291 2496 dico
306 2442 339 2496 et
354 2433 529 2496 sententiis.
561 2432 633 2514 ¹Eae
654 2432 684 2522 vi
699 2431 755 2514 sud
772 2433 869 2496 verba
885 2433 1020 2515 parient,
1036 2452 1110 2512 quae

111 2557 237 2622 semper
249 2535 327 2598 satis
343 2546 457 2600 ornata
470 2534 546 2598 mihi
558 2535 688 2617 quidem
701 2535 799 2598 rideri
811 2535 960 2611 solent,
937 2557 962 2598 sr
973 2535 1111 2618 ejusmo·
1167 2575 1176 2582 -

91 2695 96 2710 ,
113 2640 145 2703 di
160 2649 244 2726 sunt,
250 2648 294 2706 ut
309 2659 352 2720 ea
364 2659 413 2701 res
424 2638 500 2736 ipsa
496 2639 667 2744 peperisse
683 2639 835 2702 videatur.
881 2639 982 2714 Ac,s1
1000 2660 1110 2704 verum

101 2720 263 2831 quaeritis,
278 2721 363 2823 quod
379 2719 455 2804 milii
477 2727 614 2823 q'uidem
624 2741 778 2817 videatur,
805 2741 896 2823 (nibil
922 2742 1007 2804 enim
1024 2742 1111 2824 aliud

115 2834 275 2911 affirmare
287 2865 426 2930 possum,
442 2844 500 2908 nisi
515 2845 708 2908 sententiam
729 2855 762 2908 et
777 2845 962 2929 opinionem
978 2865 1083 2924 msam
1087 2850 1111 2930 ,)

26 3001 27 3009 ,
114 2920 177 3014 boc
189 2951 432 3012 instrumentum
446 2969 615 3012 causarum
631 2960 664 3012 et
676 2969 830 3032 generum
846 2949 1062 3028 universorum
1074 2950 1111 3016 -in

116 3052 222 3116 fortun¹
234 3051 356 3114 deferre
368 3050 533 3126 debemus,
545 3072 661 3134 neque,
675 3062 710 3114 ut
724 3049 861 3133 buaeque
877 3071 926 3112 res
942 3050 1052 3114 delata
1069 3052 1112 3114 ad
1151 3135 1154 3138 Ι

115 3177 174 3220 nos
190 3154 258 3230 erit,
269 3154 484 3236 tumdenique
496 3155 630 3218 scrutari
645 3154 745 3229 locos,
760 3173 799 3216 ex
814 3152 928 3235 quibus
942 3173 1112 3237 argumeu·
1212 3169 1229 3186 ‘¹

116 3269 151 3340 ta
166 3273 332 3336 eruamus:
350 3277 428 3338 ⁵quae
454 3257 582 3338 quidem
600 3255 758 3339 omnibus,
781 3255 891 3337 qni-ea
907 3256 1113 3322 mediocriter

118 3358 214 3440 modo
230 3357 596 3435 considerarint'studio
618 3357 761 3426 adhibito
784 3368 817 3422 et
829 3379 898 3435 usu,
913 3368 1114 3442 pertractata

111 3470 363 3544 esse-possunt3
384 3461 441 3524 sed
457 3445 565 3524 tameb
589 3461 712 3524 animus
739 3461 923 3529 referendus
938 3473 988 3546 est
1004 3463 1045 3526 ad
1072 3483 1112 3528 ea

118 3563 238 3650 capita,
252 3573 285 3630 st
299 3562 342 3632 ad
356 3561 436 3640 illos,
461 3584 541 3646 quos
565 3565 649 3648 saepb
671 3563 741 3647 jam
756 3559 926 3650 appellavi,
951 3565 1051 3642 locos,
1072 3586 1113 3632 err
