<?xml version="1.0" encoding="UTF-8"?>
<!DOCTYPE html PUBLIC "-//W3C//DTD XHTML 1.0 Transitional//EN"
    "http://www.w3.org/TR/xhtml1/DTD/xhtml1-transitional.dtd">
<html xmlns="http://www.w3.org/1999/xhtml" xml:lang="en" lang="en">
 <head>
  <title>
</title>
<meta http-equiv="Content-Type" content="text/html;charset=utf-8" />
  <meta name='ocr-system' content='tesseract 3.04.00' />
  <meta name='ocr-capabilities' content='ocr_page ocr_carea ocr_par ocr_line ocrx_word'/>
</head>
<body>
  <div class='ocr_page' id='page_1' title='image "./mtuliiciceronis01cicegoog/mtuliiciceronis01cicegoog_0250.png"; bbox 0 0 2458 3972; ppageno 0'>
   <div class='ocr_carea' id='block_1_1' title="bbox 313 129 1100 224">
    <p class='ocr_par' dir='ltr' id='par_1_1' title="bbox 313 129 1100 224">
     <span class='ocr_line' id='line_1_1' title="bbox 313 129 1100 224; baseline 0.004 -25"><span class='ocrx_word' id='word_1_1' title='bbox 313 129 315 134; x_wconf 78' lang='grc'><strong>’</strong></span> <span class='ocrx_word' id='word_1_2' title='bbox 379 155 421 200; x_wconf 80' lang='lat' dir='ltr'><strong>ne</strong></span> <span class='ocrx_word' id='word_1_3' title='bbox 434 155 584 200; x_wconf 78' lang='lat' dir='ltr'><strong>onauonr</strong></span> <span class='ocrx_word' id='word_1_4' title='bbox 607 157 703 202; x_wconf 82' lang='lat' dir='ltr'><strong>arara</strong></span> <span class='ocrx_word' id='word_1_5' title='bbox 719 159 867 204; x_wconf 74' lang='lat' dir='ltr'><strong>arsurus.</strong></span> <span class='ocrx_word' id='word_1_6' title='bbox 1039 141 1100 224; x_wconf 66' lang='lat'><strong>2³7</strong></span> 
     </span>
    </p>
   </div>
   <div class='ocr_carea' id='block_1_2' title="bbox 133 300 1100 392">
    <p class='ocr_par' dir='ltr' id='par_1_2' title="bbox 133 300 1100 392">
     <span class='ocr_line' id='line_1_2' title="bbox 133 300 1100 392; baseline 0.001 -25"><span class='ocrx_word' id='word_1_7' title='bbox 133 300 292 370; x_wconf 76' lang='lat' dir='ltr'><strong>Interdum</strong></span> <span class='ocrx_word' id='word_1_8' title='bbox 317 302 389 381; x_wconf 86' lang='lat' dir='ltr'><strong>rim,</strong></span> <span class='ocrx_word' id='word_1_9' title='bbox 413 303 551 388; x_wconf 81' lang='lat' dir='ltr'><strong>leporem</strong></span> <span class='ocrx_word' id='word_1_10' title='bbox 576 304 669 383; x_wconf 79' lang='lat' dir='ltr'><strong>ulids;</strong></span> <span class='ocrx_word' id='word_1_11' title='bbox 693 316 726 371; x_wconf 89' lang='lat' dir='ltr'><strong>et</strong></span> <span class='ocrx_word' id='word_1_12' title='bbox 750 307 877 392; x_wconf 73' lang='lat' dir='ltr'><strong>paulam</strong></span> <span class='ocrx_word' id='word_1_13' title='bbox 902 307 1100 372; x_wconf 83' lang='lat' dir='ltr'><strong>immutatum</strong></span> 
     </span>
    </p>
   </div>
   <div class='ocr_carea' id='block_1_3' title="bbox 17 401 1101 496">
    <p class='ocr_par' dir='ltr' id='par_1_3' title="bbox 17 401 1101 496">
     <span class='ocr_line' id='line_1_3' title="bbox 17 401 1101 496; baseline 0.004 -26"><span class='ocrx_word' id='word_1_14' title='bbox 17 461 20 470; x_wconf 80' lang='grc'>,</span> <span class='ocrx_word' id='word_1_15' title='bbox 124 401 266 474; x_wconf 50' lang='lat' dir='ltr'><strong>¹verbum</strong></span> <span class='ocrx_word' id='word_1_16' title='bbox 280 418 372 490; x_wconf 87' lang='lat' dir='ltr'><strong>atque</strong></span> <span class='ocrx_word' id='word_1_17' title='bbox 387 408 553 486; x_wconf 85' lang='lat' dir='ltr'><strong>deflexum,</strong></span> <span class='ocrx_word' id='word_1_18' title='bbox 565 419 597 474; x_wconf 86' lang='lat' dir='ltr'><strong>et</strong></span> <span class='ocrx_word' id='word_1_19' title='bbox 610 410 748 496; x_wconf 81' lang='lat' dir='ltr'><strong>ejusdem</strong></span> <span class='ocrx_word' id='word_1_20' title='bbox 771 411 855 474; x_wconf 86' lang='lat' dir='ltr'><strong>verbi</strong></span> <span class='ocrx_word' id='word_1_21' title='bbox 870 410 980 475; x_wconf 87' lang='lat' dir='ltr'><strong>crebra</strong></span> <span class='ocrx_word' id='word_1_22' title='bbox 1002 421 1067 476; x_wconf 84' lang='lat' dir='ltr'><strong>turn</strong></span> <span class='ocrx_word' id='word_1_23' title='bbox 1080 431 1101 474; x_wconf 87' lang='lat' dir='ltr'><strong>a</strong></span> 
     </span>
    </p>
   </div>
   <div class='ocr_carea' id='block_1_4' title="bbox 134 508 1185 602">
    <p class='ocr_par' dir='ltr' id='par_1_4' title="bbox 134 508 1185 602">
     <span class='ocr_line' id='line_1_4' title="bbox 134 508 1185 602; baseline 0.002 -26"><span class='ocrx_word' id='word_1_24' title='bbox 134 508 243 598; x_wconf 56' lang='lat' dir='ltr'><strong>primo*</strong></span> <span class='ocrx_word' id='word_1_25' title='bbox 252 512 403 596; x_wconf 79' lang='lat' dir='ltr'><strong>repetitio,</strong></span> <span class='ocrx_word' id='word_1_26' title='bbox 417 524 483 576; x_wconf 90' lang='lat' dir='ltr'><strong>tum</strong></span> <span class='ocrx_word' id='word_1_27' title='bbox 495 513 525 578; x_wconf 91' lang='lat' dir='ltr'><strong>in</strong></span> <span class='ocrx_word' id='word_1_28' title='bbox 535 523 704 578; x_wconf 77' lang='lat' dir='ltr'><strong>extremum</strong></span> <span class='ocrx_word' id='word_1_29' title='bbox 720 514 890 591; x_wconf 77' lang='lat' dir='ltr'>conversio,</span> <span class='ocrx_word' id='word_1_30' title='bbox 902 525 934 580; x_wconf 88' lang='lat' dir='ltr'><strong>et</strong></span> <span class='ocrx_word' id='word_1_31' title='bbox 945 514 974 578; x_wconf 94' lang='lat' dir='ltr'><strong>in</strong></span> <span class='ocrx_word' id='word_1_32' title='bbox 987 515 1100 580; x_wconf 91' lang='lat' dir='ltr'><strong>eadem</strong></span> <span class='ocrx_word' id='word_1_33' title='bbox 1182 587 1185 602; x_wconf 46' lang='grc'><strong>,</strong></span> 
     </span>
    </p>
   </div>
   <div class='ocr_carea' id='block_1_5' title="bbox 133 615 1209 704">
    <p class='ocr_par' dir='ltr' id='par_1_5' title="bbox 133 615 1209 704">
     <span class='ocr_line' id='line_1_5' title="bbox 133 615 1209 704; baseline 0.003 -25"><span class='ocrx_word' id='word_1_34' title='bbox 133 617 232 681; x_wconf 88' lang='lat' dir='ltr'><strong>verba</strong></span> <span class='ocrx_word' id='word_1_35' title='bbox 244 615 375 700; x_wconf 87' lang='lat' dir='ltr'><strong>impetus</strong></span> <span class='ocrx_word' id='word_1_36' title='bbox 386 627 417 680; x_wconf 92' lang='lat' dir='ltr'><strong>et</strong></span> <span class='ocrx_word' id='word_1_37' title='bbox 430 618 601 694; x_wconf 80' lang='lat' dir='ltr'><strong>concursio,</strong></span> <span class='ocrx_word' id='word_1_38' title='bbox 614 629 647 682; x_wconf 91' lang='lat' dir='ltr'><strong>et</strong></span> <span class='ocrx_word' id='word_1_39' title='bbox 656 617 827 704; x_wconf 88' lang='lat' dir='ltr'><strong>adjunctio,</strong></span> <span class='ocrx_word' id='word_1_40' title='bbox 834 629 865 682; x_wconf 90' lang='lat' dir='ltr'><strong>et</strong></span> <span class='ocrx_word' id='word_1_41' title='bbox 875 618 1059 704; x_wconf 76' lang='lat' dir='ltr'>progressio,</span> <span class='ocrx_word' id='word_1_42' title='bbox 1068 628 1100 682; x_wconf 90' lang='lat' dir='ltr'><strong>et</strong></span> <span class='ocrx_word' id='word_1_43' title='bbox 1207 642 1209 647; x_wconf 94' lang='lat'>·</span> 
     </span>
    </p>
   </div>
   <div class='ocr_carea' id='block_1_6' title="bbox 134 719 1101 1012">
    <p class='ocr_par' dir='ltr' id='par_1_6' title="bbox 134 719 1101 1012">
     <span class='ocr_line' id='line_1_6' title="bbox 134 719 1101 805; baseline 0.002 -23"><span class='ocrx_word' id='word_1_44' title='bbox 134 719 276 804; x_wconf 82' lang='lat' dir='ltr'><strong>ejusdcm</strong></span> <span class='ocrx_word' id='word_1_45' title='bbox 290 719 374 786; x_wconf 89' lang='lat' dir='ltr'><strong>verbi</strong></span> <span class='ocrx_word' id='word_1_46' title='bbox 397 719 531 784; x_wconf 84' lang='lat' dir='ltr'><strong>crebrids</strong></span> <span class='ocrx_word' id='word_1_47' title='bbox 546 721 635 805; x_wconf 92' lang='lat' dir='ltr'><strong>positi</strong></span> <span class='ocrx_word' id='word_1_48' title='bbox 659 723 803 804; x_wconf 77' lang='lat' dir='ltr'><strong>quaedam</strong></span> <span class='ocrx_word' id='word_1_49' title='bbox 818 721 985 798; x_wconf 83' lang='lat' dir='ltr'><strong>distinctio,</strong></span> <span class='ocrx_word' id='word_1_50' title='bbox 1010 730 1042 785; x_wconf 87' lang='lat' dir='ltr'><strong>et</strong></span> <span class='ocrx_word' id='word_1_51' title='bbox 1055 741 1101 784; x_wconf 87' lang='lat' dir='ltr'><strong>re·</strong></span> 
     </span>
     <span class='ocr_line' id='line_1_7' title="bbox 134 822 1100 906; baseline 0.001 -21"><span class='ocrx_word' id='word_1_52' title='bbox 134 823 260 888; x_wconf 83' lang='lat' dir='ltr'><strong>vocatio</strong></span> <span class='ocrx_word' id='word_1_53' title='bbox 275 823 369 899; x_wconf 84' lang='lat' dir='ltr'><strong>verbi,</strong></span> <span class='ocrx_word' id='word_1_54' title='bbox 393 832 425 888; x_wconf 89' lang='lat' dir='ltr'><strong>et</strong></span> <span class='ocrx_word' id='word_1_55' title='bbox 449 822 511 901; x_wconf 87' lang='lat' dir='ltr'><strong>illa,</strong></span> <span class='ocrx_word' id='word_1_56' title='bbox 525 827 594 906; x_wconf 73' lang='lat' dir='ltr'><strong>qam</strong></span> <span class='ocrx_word' id='word_1_57' title='bbox 618 825 754 890; x_wconf 90' lang='lat' dir='ltr'><strong>similiter</strong></span> <span class='ocrx_word' id='word_1_58' title='bbox 778 822 933 901; x_wconf 89' lang='lat' dir='ltr'><strong>desinunt,</strong></span> <span class='ocrx_word' id='word_1_59' title='bbox 958 835 1012 889; x_wconf 88' lang='lat' dir='ltr'><strong>aut</strong></span> <span class='ocrx_word' id='word_1_60' title='bbox 1029 845 1100 906; x_wconf 84' lang='lat' dir='ltr'><strong>quae</strong></span> 
     </span>
     <span class='ocr_line' id='line_1_8' title="bbox 135 925 1099 1012; baseline 0.004 -22"><span class='ocrx_word' id='word_1_61' title='bbox 135 927 255 990; x_wconf 91' lang='lat' dir='ltr'><strong>cadunt</strong></span> <span class='ocrx_word' id='word_1_62' title='bbox 279 925 424 1003; x_wconf 84' lang='lat' dir='ltr'><strong>similiter,</strong></span> <span class='ocrx_word' id='word_1_63' title='bbox 440 938 493 991; x_wconf 86' lang='lat' dir='ltr'><strong>ant</strong></span> <span class='ocrx_word' id='word_1_64' title='bbox 508 948 577 1009; x_wconf 84' lang='lat' dir='ltr'><strong>quae</strong></span> <span class='ocrx_word' id='word_1_65' title='bbox 599 929 724 1012; x_wconf 90' lang='lat' dir='ltr'><strong>paribus</strong></span> <span class='ocrx_word' id='word_1_66' title='bbox 739 929 826 1012; x_wconf 89' lang='lat' dir='ltr'><strong>paria</strong></span> <span class='ocrx_word' id='word_1_67' title='bbox 849 928 1099 1005; x_wconf 63' lang='lat' dir='ltr'><strong>reremaneret</strong></span> 
     </span>
    </p>
   </div>
   <div class='ocr_carea' id='block_1_7' title="bbox 17 1020 1106 1324">
    <p class='ocr_par' dir='ltr' id='par_1_7' title="bbox 17 1020 1106 1324">
     <span class='ocr_line' id='line_1_9' title="bbox 17 1020 1106 1118; baseline 0.005 -27"><span class='ocrx_word' id='word_1_68' title='bbox 17 1091 21 1118; x_wconf 68' lang='lat'><strong>,</strong></span> <span class='ocrx_word' id='word_1_69' title='bbox 135 1049 206 1112; x_wconf 82' lang='lat' dir='ltr'><strong>quae</strong></span> <span class='ocrx_word' id='word_1_70' title='bbox 231 1041 302 1094; x_wconf 89' lang='lat' dir='ltr'><strong>sunt</strong></span> <span class='ocrx_word' id='word_1_71' title='bbox 327 1029 405 1094; x_wconf 90' lang='lat' dir='ltr'><strong>inter</strong></span> <span class='ocrx_word' id='word_1_72' title='bbox 429 1051 462 1094; x_wconf 90' lang='lat' dir='ltr'><strong>se</strong></span> <span class='ocrx_word' id='word_1_73' title='bbox 487 1031 607 1095; x_wconf 81' lang='lat' dir='ltr'><strong>similia.</strong></span> <span class='ocrx_word' id='word_1_74' title='bbox 650 1031 707 1095; x_wconf 89' lang='lat' dir='ltr'><strong>Est</strong></span> <span class='ocrx_word' id='word_1_75' title='bbox 720 1033 825 1096; x_wconf 72' lang='lat' dir='ltr'><strong>&#39;etiam</strong></span> <span class='ocrx_word' id='word_1_76' title='bbox 850 1033 994 1118; x_wconf 87' lang='lat' dir='ltr'><strong>gradatio</strong></span> <span class='ocrx_word' id='word_1_77' title='bbox 1019 1020 1106 1115; x_wconf 61' lang='lat' dir='ltr'><strong>tiarae·v</strong></span> 
     </span>
     <span class='ocr_line' id='line_1_10' title="bbox 17 1133 1100 1222; baseline 0.004 -26"><span class='ocrx_word' id='word_1_78' title='bbox 17 1133 19 1146; x_wconf 81' lang='grc'><em>’</em></span> <span class='ocrx_word' id='word_1_79' title='bbox 133 1134 222 1208; x_wconf 89' lang='lat' dir='ltr'><strong>dam,</strong></span> <span class='ocrx_word' id='word_1_80' title='bbox 236 1143 268 1196; x_wconf 90' lang='lat' dir='ltr'><strong>et</strong></span> <span class='ocrx_word' id='word_1_81' title='bbox 282 1133 452 1209; x_wconf 76' lang='lat' dir='ltr'><strong>conversio,</strong></span> <span class='ocrx_word' id='word_1_82' title='bbox 476 1145 508 1198; x_wconf 87' lang='lat' dir='ltr'><strong>et</strong></span> <span class='ocrx_word' id='word_1_83' title='bbox 523 1133 685 1198; x_wconf 84' lang='lat' dir='ltr'><strong>verborum</strong></span> <span class='ocrx_word' id='word_1_84' title='bbox 708 1135 863 1200; x_wconf 89' lang='lat' dir='ltr'><strong>concinna</strong></span> <span class='ocrx_word' id='word_1_85' title='bbox 888 1135 1100 1222; x_wconf 80' lang='lat' dir='ltr'><strong>transgressio,</strong></span> 
     </span>
     <span class='ocr_line' id='line_1_11' title="bbox 17 1226 1101 1324; baseline 0.003 -24"><span class='ocrx_word' id='word_1_86' title='bbox 17 1235 18 1240; x_wconf 68' lang='grc'>’</span> <span class='ocrx_word' id='word_1_87' title='bbox 134 1248 170 1301; x_wconf 89' lang='lat' dir='ltr'><strong>et</strong></span> <span class='ocrx_word' id='word_1_88' title='bbox 196 1235 394 1312; x_wconf 85' lang='lat' dir='ltr'><strong>contrarium,</strong></span> <span class='ocrx_word' id='word_1_89' title='bbox 422 1245 454 1300; x_wconf 87' lang='lat' dir='ltr'><strong>et</strong></span> <span class='ocrx_word' id='word_1_90' title='bbox 476 1235 667 1312; x_wconf 87' lang='lat' dir='ltr'><strong>dissolutum,</strong></span> <span class='ocrx_word' id='word_1_91' title='bbox 691 1249 723 1302; x_wconf 94' lang='lat' dir='ltr'><strong>et</strong></span> <span class='ocrx_word' id='word_1_92' title='bbox 747 1226 924 1316; x_wconf 79' lang='lat' dir='ltr'><strong>declinatio,</strong></span> <span class='ocrx_word' id='word_1_93' title='bbox 947 1249 979 1304; x_wconf 90' lang='lat' dir='ltr'><strong>et</strong></span> <span class='ocrx_word' id='word_1_94' title='bbox 1001 1260 1101 1324; x_wconf 89' lang='lat' dir='ltr'><strong>repre·</strong></span> 
     </span>
    </p>
   </div>
   <div class='ocr_carea' id='block_1_8' title="bbox 137 1337 1101 1529">
    <p class='ocr_par' dir='ltr' id='par_1_8' title="bbox 137 1337 1101 1529">
     <span class='ocr_line' id='line_1_12' title="bbox 137 1337 1101 1424; baseline 0 -20"><span class='ocrx_word' id='word_1_95' title='bbox 137 1337 256 1415; x_wconf 90' lang='lat' dir='ltr'><strong>hensio,</strong></span> <span class='ocrx_word' id='word_1_96' title='bbox 279 1350 311 1403; x_wconf 86' lang='lat' dir='ltr'><strong>et</strong></span> <span class='ocrx_word' id='word_1_97' title='bbox 333 1339 528 1416; x_wconf 79' lang='lat' dir='ltr'><strong>exclamatio,</strong></span> <span class='ocrx_word' id='word_1_98' title='bbox 549 1352 581 1406; x_wconf 88' lang='lat' dir='ltr'><strong>et</strong></span> <span class='ocrx_word' id='word_1_99' title='bbox 606 1341 788 1417; x_wconf 77' lang='lat' dir='ltr'><strong>imminutio,</strong></span> <span class='ocrx_word' id='word_1_100' title='bbox 814 1351 845 1404; x_wconf 90' lang='lat' dir='ltr'><strong>et</strong></span> <span class='ocrx_word' id='word_1_101' title='bbox 870 1342 953 1424; x_wconf 92' lang='lat' dir='ltr'><strong>quod</strong></span> <span class='ocrx_word' id='word_1_102' title='bbox 979 1342 1009 1406; x_wconf 94' lang='lat' dir='ltr'><strong>in</strong></span> <span class='ocrx_word' id='word_1_103' title='bbox 1025 1341 1101 1405; x_wconf 86' lang='lat' dir='ltr'><strong>mul·</strong></span> 
     </span>
     <span class='ocr_line' id='line_1_13' title="bbox 137 1441 1100 1529; baseline 0.002 -23"><span class='ocrx_word' id='word_1_104' title='bbox 137 1441 174 1506; x_wconf 83' lang='lat' dir='ltr'><strong>tie</strong></span> <span class='ocrx_word' id='word_1_105' title='bbox 189 1441 312 1508; x_wconf 87' lang='lat' dir='ltr'><strong>casibus</strong></span> <span class='ocrx_word' id='word_1_106' title='bbox 327 1443 459 1526; x_wconf 90' lang='lat' dir='ltr'><strong>ponitur,</strong></span> <span class='ocrx_word' id='word_1_107' title='bbox 473 1453 504 1506; x_wconf 90' lang='lat' dir='ltr'><strong>et</strong></span> <span class='ocrx_word' id='word_1_108' title='bbox 519 1444 613 1526; x_wconf 91' lang='lat' dir='ltr'><strong>quod,</strong></span> <span class='ocrx_word' id='word_1_109' title='bbox 627 1444 667 1508; x_wconf 91' lang='lat' dir='ltr'><strong>de</strong></span> <span class='ocrx_word' id='word_1_110' title='bbox 682 1443 807 1528; x_wconf 72' lang='lat' dir='ltr'><strong>singulis</strong></span> <span class='ocrx_word' id='word_1_111' title='bbox 820 1443 910 1508; x_wconf 88' lang='lat' dir='ltr'><strong>rebus</strong></span> <span class='ocrx_word' id='word_1_112' title='bbox 935 1445 1100 1529; x_wconf 86' lang='lat' dir='ltr'><strong>propositis</strong></span> 
     </span>
    </p>
   </div>
   <div class='ocr_carea' id='block_1_9' title="bbox 17 1537 1100 1634">
    <p class='ocr_par' dir='ltr' id='par_1_9' title="bbox 17 1537 1100 1634">
     <span class='ocr_line' id='line_1_14' title="bbox 17 1537 1100 1634; baseline 0.005 -25"><span class='ocrx_word' id='word_1_113' title='bbox 17 1537 19 1540; x_wconf 56' lang='grc'>’</span> <span class='ocrx_word' id='word_1_114' title='bbox 136 1546 275 1625; x_wconf 90' lang='lat' dir='ltr'><strong>ductum,</strong></span> <span class='ocrx_word' id='word_1_115' title='bbox 289 1546 416 1610; x_wconf 86' lang='lat' dir='ltr'><strong>refertur</strong></span> <span class='ocrx_word' id='word_1_116' title='bbox 431 1547 470 1612; x_wconf 88' lang='lat' dir='ltr'><strong>ad</strong></span> <span class='ocrx_word' id='word_1_117' title='bbox 485 1537 616 1632; x_wconf 84' lang='lat' dir='ltr'><strong>singula,</strong></span> <span class='ocrx_word' id='word_1_118' title='bbox 631 1558 663 1612; x_wconf 92' lang='lat' dir='ltr'><strong>et</strong></span> <span class='ocrx_word' id='word_1_119' title='bbox 678 1548 718 1612; x_wconf 91' lang='lat' dir='ltr'><strong>ad</strong></span> <span class='ocrx_word' id='word_1_120' title='bbox 744 1548 935 1632; x_wconf 86' lang='lat' dir='ltr'><strong>propositum</strong></span> <span class='ocrx_word' id='word_1_121' title='bbox 959 1548 1100 1634; x_wconf 88' lang='lat' dir='ltr'><strong>subjecta</strong></span> 
     </span>
    </p>
   </div>
   <div class='ocr_carea' id='block_1_10' title="bbox 137 1648 1100 1737">
    <p class='ocr_par' dir='ltr' id='par_1_10' title="bbox 137 1648 1100 1737">
     <span class='ocr_line' id='line_1_15' title="bbox 137 1648 1100 1737; baseline 0.002 -23"><span class='ocrx_word' id='word_1_122' title='bbox 137 1651 225 1726; x_wconf 84' lang='lat' dir='ltr'><strong>ratio,</strong></span> <span class='ocrx_word' id='word_1_123' title='bbox 237 1661 268 1714; x_wconf 92' lang='lat' dir='ltr'><strong>et</strong></span> <span class='ocrx_word' id='word_1_124' title='bbox 283 1650 356 1714; x_wconf 86' lang='lat' dir='ltr'><strong>item</strong></span> <span class='ocrx_word' id='word_1_125' title='bbox 368 1648 397 1712; x_wconf 94' lang='lat' dir='ltr'><strong>in</strong></span> <span class='ocrx_word' id='word_1_126' title='bbox 413 1649 580 1715; x_wconf 83' lang='lat' dir='ltr'><strong>distributis</strong></span> <span class='ocrx_word' id='word_1_127' title='bbox 601 1650 762 1735; x_wconf 88' lang='lat' dir='ltr'><strong>supposita</strong></span> <span class='ocrx_word' id='word_1_128' title='bbox 782 1651 872 1728; x_wconf 89' lang='lat' dir='ltr'><strong>ratio,</strong></span> <span class='ocrx_word' id='word_1_129' title='bbox 886 1664 917 1716; x_wconf 87' lang='lat' dir='ltr'><strong>et</strong></span> <span class='ocrx_word' id='word_1_130' title='bbox 930 1652 1100 1737; x_wconf 86' lang='lat' dir='ltr'><strong>permissio,</strong></span> 
     </span>
    </p>
   </div>
   <div class='ocr_carea' id='block_1_11' title="bbox 24 1753 1100 1847">
    <p class='ocr_par' dir='ltr' id='par_1_11' title="bbox 24 1753 1100 1847">
     <span class='ocr_line' id='line_1_16' title="bbox 24 1753 1100 1847; baseline 0.002 -29"><span class='ocrx_word' id='word_1_131' title='bbox 24 1833 28 1847; x_wconf 74' lang='lat'><strong>,</strong></span> <span class='ocrx_word' id='word_1_132' title='bbox 138 1765 170 1818; x_wconf 87' lang='lat' dir='ltr'><strong>et</strong></span> <span class='ocrx_word' id='word_1_133' title='bbox 184 1773 302 1818; x_wconf 86' lang='lat' dir='ltr'><strong>rursum</strong></span> <span class='ocrx_word' id='word_1_134' title='bbox 313 1753 372 1818; x_wconf 89' lang='lat' dir='ltr'><strong>alia</strong></span> <span class='ocrx_word' id='word_1_135' title='bbox 381 1753 543 1833; x_wconf 80' lang='lat' dir='ltr'><strong>dubitatio,</strong></span> <span class='ocrx_word' id='word_1_136' title='bbox 567 1766 599 1820; x_wconf 90' lang='lat' dir='ltr'><strong>et</strong></span> <span class='ocrx_word' id='word_1_137' title='bbox 613 1755 811 1840; x_wconf 85' lang='lat' dir='ltr'><strong>improvisum</strong></span> <span class='ocrx_word' id='word_1_138' title='bbox 825 1755 984 1838; x_wconf 87' lang='lat' dir='ltr'><strong>quiddam,</strong></span> <span class='ocrx_word' id='word_1_139' title='bbox 1010 1767 1042 1822; x_wconf 91' lang='lat' dir='ltr'><strong>et</strong></span> <span class='ocrx_word' id='word_1_140' title='bbox 1055 1757 1100 1821; x_wconf 91' lang='lat' dir='ltr'><strong>di·</strong></span> 
     </span>
    </p>
   </div>
   <div class='ocr_carea' id='block_1_12' title="bbox 139 1857 1102 2046">
    <p class='ocr_par' dir='ltr' id='par_1_12' title="bbox 139 1857 1102 2046">
     <span class='ocr_line' id='line_1_17' title="bbox 139 1857 1102 1944; baseline 0.002 -24"><span class='ocrx_word' id='word_1_141' title='bbox 139 1857 322 1934; x_wconf 85' lang='lat' dir='ltr'><strong>numeratio,</strong></span> <span class='ocrx_word' id='word_1_142' title='bbox 341 1867 373 1922; x_wconf 93' lang='lat' dir='ltr'><strong>et</strong></span> <span class='ocrx_word' id='word_1_143' title='bbox 385 1857 445 1921; x_wconf 89' lang='lat' dir='ltr'><strong>alia</strong></span> <span class='ocrx_word' id='word_1_144' title='bbox 456 1859 618 1935; x_wconf 85' lang='lat' dir='ltr'><strong>correctio,</strong></span> <span class='ocrx_word' id='word_1_145' title='bbox 627 1870 658 1924; x_wconf 89' lang='lat' dir='ltr'><strong>et</strong></span> <span class='ocrx_word' id='word_1_146' title='bbox 668 1859 838 1942; x_wconf 89' lang='lat' dir='ltr'><strong>dissipatio,</strong></span> <span class='ocrx_word' id='word_1_147' title='bbox 859 1870 892 1925; x_wconf 90' lang='lat' dir='ltr'><strong>et</strong></span> <span class='ocrx_word' id='word_1_148' title='bbox 905 1861 990 1944; x_wconf 90' lang='lat' dir='ltr'><strong>quod</strong></span> <span class='ocrx_word' id='word_1_149' title='bbox 1002 1861 1102 1926; x_wconf 89' lang='lat' dir='ltr'><strong>conti·</strong></span> 
     </span>
     <span class='ocr_line' id='line_1_18' title="bbox 139 1959 1102 2046; baseline 0.002 -22"><span class='ocrx_word' id='word_1_150' title='bbox 139 1980 279 2039; x_wconf 85' lang='lat' dir='ltr'><strong>nuatum,</strong></span> <span class='ocrx_word' id='word_1_151' title='bbox 293 1975 325 2026; x_wconf 88' lang='lat' dir='ltr'><strong>et</strong></span> <span class='ocrx_word' id='word_1_152' title='bbox 346 1961 557 2045; x_wconf 87' lang='lat' dir='ltr'><strong>interruptam,</strong></span> <span class='ocrx_word' id='word_1_153' title='bbox 571 1973 603 2027; x_wconf 87' lang='lat' dir='ltr'><strong>et</strong></span> <span class='ocrx_word' id='word_1_154' title='bbox 617 1961 733 2045; x_wconf 87' lang='lat' dir='ltr'><strong>imago,</strong></span> <span class='ocrx_word' id='word_1_155' title='bbox 747 1971 778 2023; x_wconf 91' lang='lat' dir='ltr'><strong>et</strong></span> <span class='ocrx_word' id='word_1_156' title='bbox 792 1959 848 2022; x_wconf 87' lang='lat' dir='ltr'><strong>sibi</strong></span> <span class='ocrx_word' id='word_1_157' title='bbox 860 1963 916 2043; x_wconf 90' lang='lat' dir='ltr'><strong>ipsi</strong></span> <span class='ocrx_word' id='word_1_158' title='bbox 930 1963 1102 2046; x_wconf 81' lang='lat' dir='ltr'><strong>responsio,</strong></span> 
     </span>
    </p>
   </div>
   <div class='ocr_carea' id='block_1_13' title="bbox 17 2061 1098 2248">
    <p class='ocr_par' dir='ltr' id='par_1_13' title="bbox 17 2061 1098 2248">
     <span class='ocr_line' id='line_1_19' title="bbox 17 2061 1098 2162; baseline -0.001 -31"><span class='ocrx_word' id='word_1_159' title='bbox 17 2129 27 2162; x_wconf 68' lang='lat'><strong>,</strong></span> <span class='ocrx_word' id='word_1_160' title='bbox 85 2079 88 2088; x_wconf 86' lang='grc'><em>“</em></span> <span class='ocrx_word' id='word_1_161' title='bbox 136 2075 170 2130; x_wconf 90' lang='lat' dir='ltr'><strong>et</strong></span> <span class='ocrx_word' id='word_1_162' title='bbox 183 2063 368 2144; x_wconf 85' lang='lat' dir='ltr'><strong>immutatio,</strong></span> <span class='ocrx_word' id='word_1_163' title='bbox 382 2074 413 2137; x_wconf 80' lang='lat' dir='ltr'><strong>et</strong></span> <span class='ocrx_word' id='word_1_164' title='bbox 424 2064 597 2146; x_wconf 88' lang='lat' dir='ltr'><strong>disjunctio,</strong></span> <span class='ocrx_word' id='word_1_165' title='bbox 611 2073 643 2126; x_wconf 90' lang='lat' dir='ltr'><strong>et</strong></span> <span class='ocrx_word' id='word_1_166' title='bbox 658 2061 746 2138; x_wconf 90' lang='lat' dir='ltr'><strong>ordo,</strong></span> <span class='ocrx_word' id='word_1_167' title='bbox 757 2072 788 2125; x_wconf 91' lang='lat' dir='ltr'><strong>et</strong></span> <span class='ocrx_word' id='word_1_168' title='bbox 807 2061 926 2140; x_wconf 86' lang='lat' dir='ltr'><strong>relatio,</strong></span> <span class='ocrx_word' id='word_1_169' title='bbox 941 2074 972 2128; x_wconf 92' lang='lat' dir='ltr'><strong>et</strong></span> <span class='ocrx_word' id='word_1_170' title='bbox 983 2065 1098 2150; x_wconf 85' lang='lat' dir='ltr'><strong>digres-</strong></span> 
     </span>
     <span class='ocr_line' id='line_1_20' title="bbox 17 2163 1097 2248; baseline -0.004 -17"><span class='ocrx_word' id='word_1_171' title='bbox 17 2173 19 2190; x_wconf 69' lang='lat'>⁵</span> <span class='ocrx_word' id='word_1_172' title='bbox 137 2163 495 2246; x_wconf 84' lang='lat' dir='ltr'><strong>aio,etoiroumscriptio.</strong></span> <span class='ocrx_word' id='word_1_173' title='bbox 530 2164 1097 2248; x_wconf 77' lang='lat' dir='ltr'><strong>·Haeoenimsuntferb,atquelrorum</strong></span> 
     </span>
    </p>
   </div>
   <div class='ocr_carea' id='block_1_14' title="bbox 73 2265 1136 2782">
    <p class='ocr_par' dir='ltr' id='par_1_14' title="bbox 73 2265 1101 2453">
     <span class='ocr_line' id='line_1_21' title="bbox 137 2265 1101 2354; baseline 0 -22"><span class='ocrx_word' id='word_1_174' title='bbox 137 2266 256 2343; x_wconf 87' lang='lat' dir='ltr'><strong>similia,</strong></span> <span class='ocrx_word' id='word_1_175' title='bbox 282 2267 343 2350; x_wconf 83' lang='lat' dir='ltr'><strong>(rel</strong></span> <span class='ocrx_word' id='word_1_176' title='bbox 368 2265 560 2349; x_wconf 83' lang='lat' dir='ltr'><strong>pluraetiam</strong></span> <span class='ocrx_word' id='word_1_177' title='bbox 585 2290 652 2332; x_wconf 84' lang='lat' dir='ltr'><strong>esse</strong></span> <span class='ocrx_word' id='word_1_178' title='bbox 677 2271 828 2354; x_wconf 90' lang='lat' dir='ltr'><strong>possunt,)</strong></span> <span class='ocrx_word' id='word_1_179' title='bbox 855 2289 925 2352; x_wconf 84' lang='lat' dir='ltr'><strong>quae</strong></span> <span class='ocrx_word' id='word_1_180' title='bbox 940 2267 1101 2332; x_wconf 85' lang='lat' dir='ltr'><strong>sententiis</strong></span> 
     </span>
     <span class='ocr_line' id='line_1_22' title="bbox 73 2367 1067 2453; baseline 0.001 -18"><span class='ocrx_word' id='word_1_181' title='bbox 73 2377 87 2394; x_wconf 91' lang='grc'><strong>”</strong></span> <span class='ocrx_word' id='word_1_182' title='bbox 138 2371 321 2446; x_wconf 85' lang='lat' dir='ltr'><strong>orationem,</strong></span> <span class='ocrx_word' id='word_1_183' title='bbox 336 2367 559 2453; x_wconf 84' lang='lat' dir='ltr'><strong>verborumque</strong></span> <span class='ocrx_word' id='word_1_184' title='bbox 573 2369 877 2447; x_wconf 79' lang='lat' dir='ltr'><strong>conformationibus,</strong></span> <span class='ocrx_word' id='word_1_185' title='bbox 890 2371 1067 2436; x_wconf 87' lang='lat' dir='ltr'><strong>illuminent.</strong></span> 
     </span>
    </p>

    <p class='ocr_par' dir='ltr' id='par_1_15' title="bbox 106 2467 1136 2782">
     <span class='ocr_line' id='line_1_23' title="bbox 140 2467 1136 2560; baseline 0.001 -21"><span class='ocrx_word' id='word_1_186' title='bbox 140 2467 143 2472; x_wconf 68' lang='grc'><strong>’</strong></span> <span class='ocrx_word' id='word_1_187' title='bbox 180 2473 246 2540; x_wconf 86' lang='lat' dir='ltr'><strong>LV.</strong></span> <span class='ocrx_word' id='word_1_188' title='bbox 269 2473 352 2543; x_wconf 78' lang='lat' dir='ltr'><strong>Qum</strong></span> <span class='ocrx_word' id='word_1_189' title='bbox 361 2472 486 2556; x_wconf 89' lang='lat' dir='ltr'><strong>quidem</strong></span> <span class='ocrx_word' id='word_1_190' title='bbox 498 2483 539 2550; x_wconf 90' lang='lat' dir='ltr'><strong>te,</strong></span> <span class='ocrx_word' id='word_1_191' title='bbox 549 2473 670 2552; x_wconf 86' lang='lat' dir='ltr'><strong>Crasse,</strong></span> <span class='ocrx_word' id='word_1_192' title='bbox 681 2476 781 2554; x_wconf 88' lang='lat' dir='ltr'><strong>video,</strong></span> <span class='ocrx_word' id='word_1_193' title='bbox 791 2475 888 2560; x_wconf 90' lang='lat' dir='ltr'><strong>inquit</strong></span> <span class='ocrx_word' id='word_1_194' title='bbox 899 2475 1004 2553; x_wconf 87' lang='lat' dir='ltr'><strong>Cotta,</strong></span> <span class='ocrx_word' id='word_1_195' title='bbox 1013 2475 1098 2556; x_wconf 83' lang='lat' dir='ltr'><strong>quod</strong></span> <span class='ocrx_word' id='word_1_196' title='bbox 1134 2540 1136 2548; x_wconf 75' lang='grc'>,</span> 
     </span>
     <span class='ocr_line' id='line_1_24' title="bbox 137 2576 1100 2662; baseline -0.002 -18"><span class='ocrx_word' id='word_1_197' title='bbox 137 2591 212 2644; x_wconf 91' lang='lat' dir='ltr'><strong>nota</strong></span> <span class='ocrx_word' id='word_1_198' title='bbox 223 2597 291 2642; x_wconf 86' lang='lat' dir='ltr'><strong>esse</strong></span> <span class='ocrx_word' id='word_1_199' title='bbox 304 2576 392 2640; x_wconf 90' lang='lat' dir='ltr'><strong>nobis</strong></span> <span class='ocrx_word' id='word_1_200' title='bbox 402 2589 500 2661; x_wconf 86' lang='lat' dir='ltr'><strong>putes,</strong></span> <span class='ocrx_word' id='word_1_201' title='bbox 508 2577 574 2642; x_wconf 88' lang='lat' dir='ltr'><strong>sine</strong></span> <span class='ocrx_word' id='word_1_202' title='bbox 584 2577 824 2655; x_wconf 87' lang='lat' dir='ltr'><strong>definitionibus,</strong></span> <span class='ocrx_word' id='word_1_203' title='bbox 835 2590 867 2644; x_wconf 92' lang='lat' dir='ltr'><strong>et</strong></span> <span class='ocrx_word' id='word_1_204' title='bbox 875 2579 942 2644; x_wconf 88' lang='lat' dir='ltr'><strong>sine</strong></span> <span class='ocrx_word' id='word_1_205' title='bbox 951 2578 1100 2662; x_wconf 83' lang='lat' dir='ltr'><strong>exemplis</strong></span> 
     </span>
     <span class='ocr_line' id='line_1_25' title="bbox 106 2679 1100 2782; baseline -0.004 -34"><span class='ocrx_word' id='word_1_206' title='bbox 106 2765 115 2782; x_wconf 34' lang='grc' dir='ltr'><strong>ι</strong></span> <span class='ocrx_word' id='word_1_207' title='bbox 137 2681 289 2748; x_wconf 85' lang='lat' dir='ltr'><strong>effudisse.</strong></span> <span class='ocrx_word' id='word_1_208' title='bbox 333 2679 403 2764; x_wconf 83' lang='lat' dir='ltr'><strong>Ego</strong></span> <span class='ocrx_word' id='word_1_209' title='bbox 413 2679 601 2766; x_wconf 32' lang='lat' dir='ltr'><strong>vero,⁴inquit</strong></span> <span class='ocrx_word' id='word_1_210' title='bbox 611 2682 749 2758; x_wconf 86' lang='lat' dir='ltr'><strong>Crassus,</strong></span> <span class='ocrx_word' id='word_1_211' title='bbox 764 2703 802 2746; x_wconf 91' lang='lat' dir='ltr'><strong>ne</strong></span> <span class='ocrx_word' id='word_1_212' title='bbox 813 2680 863 2746; x_wconf 90' lang='lat' dir='ltr'><strong>illa</strong></span> <span class='ocrx_word' id='word_1_213' title='bbox 878 2682 1013 2764; x_wconf 85' lang='lat' dir='ltr'><strong>quidem,</strong></span> <span class='ocrx_word' id='word_1_214' title='bbox 1028 2701 1100 2764; x_wconf 83' lang='lat' dir='ltr'><strong>quae</strong></span> 
     </span>
    </p>
   </div>
   <div class='ocr_carea' id='block_1_15' title="bbox 137 2784 1211 2870">
    <p class='ocr_par' dir='ltr' id='par_1_16' title="bbox 137 2784 1211 2870">
     <span class='ocr_line' id='line_1_26' title="bbox 137 2784 1211 2870; baseline -0.002 -20"><span class='ocrx_word' id='word_1_215' title='bbox 137 2788 228 2870; x_wconf 80' lang='lat' dir='ltr'><strong>ruprd</strong></span> <span class='ocrx_word' id='word_1_216' title='bbox 242 2784 313 2862; x_wconf 83' lang='lat' dir='ltr'><strong>dixi,</strong></span> <span class='ocrx_word' id='word_1_217' title='bbox 328 2806 408 2850; x_wconf 86' lang='lat' dir='ltr'><strong>nova</strong></span> <span class='ocrx_word' id='word_1_218' title='bbox 419 2784 582 2848; x_wconf 87' lang='lat' dir='ltr'><strong>vobiscsse</strong></span> <span class='ocrx_word' id='word_1_219' title='bbox 597 2785 787 2861; x_wconf 87' lang='lat' dir='ltr'><strong>arbitrabar;</strong></span> <span class='ocrx_word' id='word_1_220' title='bbox 807 2785 860 2848; x_wconf 89' lang='lat' dir='ltr'><strong>sed</strong></span> <span class='ocrx_word' id='word_1_221' title='bbox 873 2784 1023 2848; x_wconf 83' lang='lat' dir='ltr'><strong>voluntati</strong></span> <span class='ocrx_word' id='word_1_222' title='bbox 1034 2805 1099 2848; x_wconf 81' lang='lat' dir='ltr'><strong>res·</strong></span> <span class='ocrx_word' id='word_1_223' title='bbox 1210 2825 1211 2828; x_wconf 59' lang='lat'><em>=</em></span> 
     </span>
    </p>
   </div>
   <div class='ocr_carea' id='block_1_16' title="bbox 137 2887 1129 3076">
    <p class='ocr_par' dir='ltr' id='par_1_17' title="bbox 137 2887 1129 3076">
     <span class='ocr_line' id='line_1_27' title="bbox 137 2887 1129 2976; baseline -0.004 -20"><span class='ocrx_word' id='word_1_224' title='bbox 137 2890 215 2958; x_wconf 72' lang='lat' dir='ltr'><strong>natm</strong></span> <span class='ocrx_word' id='word_1_225' title='bbox 231 2888 367 2952; x_wconf 88' lang='lat' dir='ltr'><strong>omnium</strong></span> <span class='ocrx_word' id='word_1_226' title='bbox 383 2888 479 2972; x_wconf 85' lang='lat' dir='ltr'><strong>parui.</strong></span> <span class='ocrx_word' id='word_1_227' title='bbox 522 2887 579 2950; x_wconf 91' lang='lat' dir='ltr'><strong>His</strong></span> <span class='ocrx_word' id='word_1_228' title='bbox 595 2898 698 2952; x_wconf 90' lang='lat' dir='ltr'><strong>autem</strong></span> <span class='ocrx_word' id='word_1_229' title='bbox 710 2887 748 2951; x_wconf 92' lang='lat' dir='ltr'><strong>de</strong></span> <span class='ocrx_word' id='word_1_230' title='bbox 764 2887 854 2952; x_wconf 86' lang='lat' dir='ltr'><strong>rebus</strong></span> <span class='ocrx_word' id='word_1_231' title='bbox 865 2887 911 2952; x_wconf 90' lang='lat' dir='ltr'><strong>sol</strong></span> <span class='ocrx_word' id='word_1_232' title='bbox 924 2887 1033 2976; x_wconf 76' lang='lat' dir='ltr'><strong>aneilla</strong></span> <span class='ocrx_word' id='word_1_233' title='bbox 1045 2888 1098 2952; x_wconf 86' lang='lat' dir='ltr'><strong>ad·</strong></span> <span class='ocrx_word' id='word_1_234' title='bbox 1125 2929 1129 2938; x_wconf 90' lang='lat'>·</span> 
     </span>
     <span class='ocr_line' id='line_1_28' title="bbox 139 2990 1099 3076; baseline 0 -20"><span class='ocrx_word' id='word_1_235' title='bbox 139 2992 267 3068; x_wconf 88' lang='lat' dir='ltr'><strong>monuit,</strong></span> <span class='ocrx_word' id='word_1_236' title='bbox 282 3003 315 3057; x_wconf 90' lang='lat' dir='ltr'><strong>ut</strong></span> <span class='ocrx_word' id='word_1_237' title='bbox 329 2991 450 3056; x_wconf 87' lang='lat' dir='ltr'><strong>brevior</strong></span> <span class='ocrx_word' id='word_1_238' title='bbox 462 3011 572 3067; x_wconf 88' lang='lat' dir='ltr'><strong>essem,</strong></span> <span class='ocrx_word' id='word_1_239' title='bbox 591 2991 653 3074; x_wconf 87' lang='lat' dir='ltr'><strong>qui,</strong></span> <span class='ocrx_word' id='word_1_240' title='bbox 670 2991 735 3074; x_wconf 89' lang='lat' dir='ltr'><strong>ipse</strong></span> <span class='ocrx_word' id='word_1_241' title='bbox 746 2990 812 3076; x_wconf 90' lang='lat' dir='ltr'><strong>jam</strong></span> <span class='ocrx_word' id='word_1_242' title='bbox 826 2991 1034 3076; x_wconf 72' lang='lat' dir='ltr'><strong>praecipitans,</strong></span> <span class='ocrx_word' id='word_1_243' title='bbox 1048 3013 1099 3056; x_wconf 89' lang='lat' dir='ltr'><strong>me</strong></span> 
     </span>
    </p>
   </div>
   <div class='ocr_carea' id='block_1_17' title="bbox 17 3093 1100 3180">
    <p class='ocr_par' dir='ltr' id='par_1_18' title="bbox 17 3093 1100 3180">
     <span class='ocr_line' id='line_1_29' title="bbox 17 3093 1100 3180; baseline 0.001 -23"><span class='ocrx_word' id='word_1_244' title='bbox 17 3145 20 3157; x_wconf 89' lang='lat'><em>.</em></span> <span class='ocrx_word' id='word_1_245' title='bbox 115 3155 120 3166; x_wconf 88' lang='grc'><strong>,</strong></span> <span class='ocrx_word' id='word_1_246' title='bbox 138 3116 260 3179; x_wconf 87' lang='lat' dir='ltr'><strong>quoque</strong></span> <span class='ocrx_word' id='word_1_247' title='bbox 276 3095 343 3158; x_wconf 84' lang='lat' dir='ltr'><strong>haec</strong></span> <span class='ocrx_word' id='word_1_248' title='bbox 356 3093 546 3178; x_wconf 71' lang='lat' dir='ltr'><strong>precipitem</strong></span> <span class='ocrx_word' id='word_1_249' title='bbox 561 3113 650 3176; x_wconf 79' lang='lat' dir='ltr'><strong>paene</strong></span> <span class='ocrx_word' id='word_1_250' title='bbox 665 3093 806 3158; x_wconf 87' lang='lat' dir='ltr'><strong>evolvere</strong></span> <span class='ocrx_word' id='word_1_251' title='bbox 821 3095 933 3180; x_wconf 70' lang='lat' dir='ltr'><strong>coegit.</strong></span> <span class='ocrx_word' id='word_1_252' title='bbox 977 3095 1041 3159; x_wconf 86' lang='lat' dir='ltr'><strong>Sed</strong></span> <span class='ocrx_word' id='word_1_253' title='bbox 1054 3105 1100 3158; x_wconf 78' lang='lat' dir='ltr'><strong>ta·</strong></span> 
     </span>
    </p>
   </div>
   <div class='ocr_carea' id='block_1_18' title="bbox 138 3194 1104 3698">
    <p class='ocr_par' dir='ltr' id='par_1_19' title="bbox 138 3194 1104 3698">
     <span class='ocr_line' id='line_1_30' title="bbox 139 3194 1099 3284; baseline -0.002 -20"><span class='ocrx_word' id='word_1_254' title='bbox 139 3219 209 3264; x_wconf 91' lang='lat' dir='ltr'><strong>men</strong></span> <span class='ocrx_word' id='word_1_255' title='bbox 235 3198 323 3283; x_wconf 86' lang='lat' dir='ltr'><strong>bajus</strong></span> <span class='ocrx_word' id='word_1_256' title='bbox 341 3197 463 3281; x_wconf 85' lang='lat' dir='ltr'><strong>generis</strong></span> <span class='ocrx_word' id='word_1_257' title='bbox 486 3194 711 3262; x_wconf 86' lang='lat' dir='ltr'><strong>demonstratio</strong></span> <span class='ocrx_word' id='word_1_258' title='bbox 736 3206 793 3272; x_wconf 90' lang='lat' dir='ltr'><strong>est,</strong></span> <span class='ocrx_word' id='word_1_259' title='bbox 818 3209 850 3262; x_wconf 90' lang='lat' dir='ltr'><strong>et</strong></span> <span class='ocrx_word' id='word_1_260' title='bbox 864 3197 1006 3284; x_wconf 84' lang='lat' dir='ltr'><strong>doctrina</strong></span> <span class='ocrx_word' id='word_1_261' title='bbox 1020 3197 1099 3282; x_wconf 87' lang='lat' dir='ltr'><strong>ipsa,</strong></span> 
     </span>
     <span class='ocr_line' id='line_1_31' title="bbox 138 3297 1099 3386; baseline 0 -22"><span class='ocrx_word' id='word_1_262' title='bbox 138 3299 287 3386; x_wconf 83' lang='lat' dir='ltr'><strong>vulgaris:</strong></span> <span class='ocrx_word' id='word_1_263' title='bbox 310 3321 381 3363; x_wconf 88' lang='lat' dir='ltr'><strong>usus</strong></span> <span class='ocrx_word' id='word_1_264' title='bbox 396 3311 509 3377; x_wconf 87' lang='lat' dir='ltr'><strong>autem,</strong></span> <span class='ocrx_word' id='word_1_265' title='bbox 523 3297 730 3386; x_wconf 72' lang='lat' dir='ltr'><strong>grauissimus,</strong></span> <span class='ocrx_word' id='word_1_266' title='bbox 745 3310 776 3363; x_wconf 91' lang='lat' dir='ltr'><strong>et</strong></span> <span class='ocrx_word' id='word_1_267' title='bbox 791 3299 821 3363; x_wconf 91' lang='lat' dir='ltr'><strong>in</strong></span> <span class='ocrx_word' id='word_1_268' title='bbox 836 3299 897 3365; x_wconf 91' lang='lat' dir='ltr'><strong>hoc</strong></span> <span class='ocrx_word' id='word_1_269' title='bbox 913 3311 980 3364; x_wconf 92' lang='lat' dir='ltr'><strong>toto</strong></span> <span class='ocrx_word' id='word_1_270' title='bbox 994 3301 1099 3365; x_wconf 85' lang='lat' dir='ltr'><strong>dioen-</strong></span> 
     </span>
     <span class='ocr_line' id='line_1_32' title="bbox 138 3401 1101 3485; baseline -0.001 -17"><span class='ocrx_word' id='word_1_271' title='bbox 138 3404 168 3468; x_wconf 90' lang='lat' dir='ltr'><strong>di</strong></span> <span class='ocrx_word' id='word_1_272' title='bbox 182 3404 283 3468; x_wconf 90' lang='lat' dir='ltr'><strong>studio</strong></span> <span class='ocrx_word' id='word_1_273' title='bbox 298 3401 502 3468; x_wconf 83' lang='lat' dir='ltr'><strong>difficillimus.</strong></span> <span class='ocrx_word' id='word_1_274' title='bbox 544 3403 772 3479; x_wconf 78' lang='lat' dir='ltr'><strong>Quamobrem,</strong></span> <span class='ocrx_word' id='word_1_275' title='bbox 786 3403 932 3485; x_wconf 89' lang='lat' dir='ltr'><strong>quoniam</strong></span> <span class='ocrx_word' id='word_1_276' title='bbox 948 3403 988 3470; x_wconf 89' lang='lat' dir='ltr'><strong>do</strong></span> <span class='ocrx_word' id='word_1_277' title='bbox 1010 3425 1101 3470; x_wconf 88' lang='lat' dir='ltr'><strong>orna·</strong></span> 
     </span>
     <span class='ocr_line' id='line_1_33' title="bbox 139 3503 1099 3590; baseline -0.001 -19"><span class='ocrx_word' id='word_1_278' title='bbox 139 3519 171 3572; x_wconf 91' lang='lat' dir='ltr'><strong>tu</strong></span> <span class='ocrx_word' id='word_1_279' title='bbox 185 3507 270 3570; x_wconf 91' lang='lat' dir='ltr'><strong>omni</strong></span> <span class='ocrx_word' id='word_1_280' title='bbox 285 3503 430 3570; x_wconf 86' lang='lat' dir='ltr'><strong>orationis</strong></span> <span class='ocrx_word' id='word_1_281' title='bbox 444 3515 515 3569; x_wconf 90' lang='lat' dir='ltr'><strong>sunt</strong></span> <span class='ocrx_word' id='word_1_282' title='bbox 538 3526 657 3581; x_wconf 87' lang='lat' dir='ltr'><strong>omnes,</strong></span> <span class='ocrx_word' id='word_1_283' title='bbox 675 3503 701 3568; x_wconf 91' lang='lat' dir='ltr'><strong>si</strong></span> <span class='ocrx_word' id='word_1_284' title='bbox 715 3525 777 3570; x_wconf 90' lang='lat' dir='ltr'><strong>nou</strong></span> <span class='ocrx_word' id='word_1_285' title='bbox 793 3505 952 3590; x_wconf 86' lang='lat' dir='ltr'><strong>patefacti,</strong></span> <span class='ocrx_word' id='word_1_286' title='bbox 967 3517 1000 3571; x_wconf 92' lang='lat' dir='ltr'><strong>at</strong></span> <span class='ocrx_word' id='word_1_287' title='bbox 1014 3507 1099 3570; x_wconf 71' lang='lat' dir='ltr'><strong>certo</strong></span> 
     </span>
     <span class='ocr_line' id='line_1_34' title="bbox 141 3605 1104 3698; baseline -0.002 -20"><span class='ocrx_word' id='word_1_288' title='bbox 141 3605 373 3686; x_wconf 83' lang='lat' dir='ltr'><strong>commonstrati</strong></span> <span class='ocrx_word' id='word_1_289' title='bbox 387 3605 466 3686; x_wconf 75' lang='lat' dir='ltr'><strong>loci3</strong></span> <span class='ocrx_word' id='word_1_290' title='bbox 486 3629 580 3688; x_wconf 88' lang='lat' dir='ltr'><strong>nano,</strong></span> <span class='ocrx_word' id='word_1_291' title='bbox 594 3608 667 3698; x_wconf 90' lang='lat' dir='ltr'><strong>quid</strong></span> <span class='ocrx_word' id='word_1_292' title='bbox 680 3622 788 3696; x_wconf 86' lang='lat' dir='ltr'><strong>aptum</strong></span> <span class='ocrx_word' id='word_1_293' title='bbox 809 3609 858 3690; x_wconf 89' lang='lat' dir='ltr'><strong>sit,</strong></span> <span class='ocrx_word' id='word_1_294' title='bbox 872 3609 933 3677; x_wconf 90' lang='lat' dir='ltr'><strong>boo</strong></span> <span class='ocrx_word' id='word_1_295' title='bbox 954 3621 1012 3688; x_wconf 83' lang='lat' dir='ltr'><strong>eat,</strong></span> <span class='ocrx_word' id='word_1_296' title='bbox 1025 3609 1104 3694; x_wconf 90' lang='lat' dir='ltr'><strong>quid·</strong></span> 
     </span>
    </p>
   </div>
   <div class='ocr_carea' id='block_1_19' title="bbox 0 0 1238 3972">
    <p class='ocr_par' dir='ltr' id='par_1_20' title="bbox 0 0 1238 3972">
     <span class='ocr_line' id='line_1_35' title="bbox 0 0 1238 3972; baseline 0 0"><span class='ocrx_word' id='word_1_297' title='bbox 0 0 1238 3972; x_wconf 95' lang='lat' dir='ltr'><strong> </strong></span> 
     </span>
    </p>
   </div>
  </div>
 </body>
</html>
