2400 3980
105 129 147 188 24
361 144 406 188 nn
422 139 576 186 onrnona
598 139 697 182 nronn
714 136 845 179 rnrrrns.

106 292 251 358 civitates
267 301 323 354 aut
337 309 417 365 esse,
444 299 498 350 aut
525 286 608 348 bene
625 294 757 348 moretm
783 301 853 344 esse
868 301 932 342 non
959 289 1103 392 possent,

106 415 243 478 usquam
260 394 290 457 in
307 412 416 456 eorum
431 389 562 452 inveniri
553 386 698 450 libellis.
743 383 881 454 Quod·
858 405 883 446 ει
897 393 1021 445 tantam
1038 381 1102 443 vim

106 491 211 564 rerum
238 496 447 560 maximarum
465 502 532 555 arte
548 511 605 553 sua
588 488 766 560 rhetorici
791 487 834 549 illi
848 487 998 564 doctores
1012 485 1103 547 coin·

107 600 340 683 plecterentur·
363 595 538 678 quaerebat,
553 591 659 655 curde
675 590 846 672 prooemiis,
858 589 940 652 etde
956 584 1103 670 epilogis,

106 713 139 765 et
153 702 194 764 de
211 699 391 784 hujusmodi
418 696 510 779 nugis
534 694 594 773 (sic
609 693 693 757 enirn
710 692 908 775 appellabat)
934 687 1037 752 referti
1054 709 1103 751 es·

105 814 175 868 sent
191 823 301 868 eorum
319 800 402 863 libri.
425 800 466 862 de
482 797 662 862 civitatibus
678 795 886 869 instituendis
905 795 947 857 de
962 792 1103 856 scriben-

106 906 154 969 dis
168 904 304 988 legibus,
316 903 356 966 de
371 901 532 983 equitare,
544 901 584 962 de
596 897 725 983 justitia,
746 898 788 962 de
803 897 877 972 tide,
896 898 938 960 de
953 895 1103 978 frangen-
1193 887 1194 894 '

106 1008 154 1072 dis
179 1003 417 1089 cupiditatibus,
439 1004 480 1066 de
495 1001 734 1066 conformandis
760 979 923 1062 1ιοιιι1ιιιι1ιι
950 998 1103 1072 moribus,

105 1108 219 1173 litera
212 1129 243 1172 ιιι
267 1127 377 1171 eorum
393 1105 479 1168 libris
502 1103 612 1167 nulle
605 1103 804 1168 rnvenirstur.
849 1102 924 1183 lpse
936 1101 1009 1163 vero
1021 1121 1103 1182 prae·

106 1209 263 1294 captane
279 1208 408 1270 illudere
422 1207 557 1280 solebat,
583 1215 617 1267 ut
633 1205 826 1280 ostenderet,
849 1225 913 1268 non
931 1203 1102 1266 nodosos

105 1311 186 1376 illius
202 1322 348 1394 expertes
363 1329 432 1372 essa
448 1307 635 1391 prudentiae,
647 1327 744 1388 qnam
756 1307 813 1370 sibi
826 1307 1029 1380 asciscerent,
1041 1307 1100 1368 sod

104 1433 146 1478 ne
162 1413 247 1476 hanc
258 1412 387 1493 quidem
403 1412 504 1494 ipsam
521 1410 649 1472 dicendi
665 1409 820 1472 rationem
837 1429 877 1472 ac
895 1409 979 1472 viam
995 1407 1101 1471 nbsse.
1132 1403 1139 1415 “

68 1531 69 1534 ’
87 1535 89 1540 ·
106 1515 214 1596 Caput
225 1535 309 1577 enrm
320 1534 389 1577 esse
416 1511 628 1576 arbitrabatur
644 1512 788 1585 oratoris,
810 1519 843 1574 ut
864 1511 996 1592 stipsis,
1012 1511 1100 1593 apud

105 1613 561 1698 quosageret‚talis,qualern
578 1613 694 1697 seipse
720 1619 858 1716 optaret,
873 1614 1050 1676 videretur:
1068 1613 1101 1674 id

105 1716 172 1780 fieri
188 1716 260 1780 vitoe
275 1716 441 1798 dignitate,
453 1715 494 1778 de
509 1735 572 1796 qua
556 1715 658 1778 nihil
675 1700 844 1778 rhetorici
839 1715 886 1777 rsti
901 1715 1075 1778 doctores
1067 1736 1101 1778 ru

106 1817 274 1901 praeceptrs
285 1817 572 1898 sursrequurssent
595 1817 684 1881 etuti
694 1816 1077 1898 eorum,quraudrrent
1052 1838 1102 1880 src

105 1919 309 1984 afficerentur
325 1919 432 1994 animi,
448 1931 482 1982 ut
497 1941 552 1982 eos
565 1919 649 1983 nffici
663 1920 755 1983 vellet
771 1929 896 1983 orator:
921 1919 1007 2001 quod
1020 1919 1100 1982 item

104 2021 172 2084 lieri
187 2021 275 2085 nullo
289 2022 387 2084 modo
404 2042 507 2104 posse,
532 2023 590 2084 nisi
617 2019 829 2106 cognosceret
844 2021 881 2097 is,
895 2041 950 2103 qur
942 2022 1101 2095 diceret,

105 2135 184 2206 quot
199 2125 301 2186 modis
324 2124 487 2186 hominum
516 2136 671 2232 mentes,
677 2137 710 2187 et
709 2125 838 2227 quibus
865 2125 969 2198 rebus,
984 2135 1017 2187 et
1032 2145 1101 2205 quo

45 2309 47 2316 Α
104 2219 391 2310 genereorationis
419 2195 766 2309 inquarhqddpartem
784 2239 1003 2290 moverentur·
1026 2226 1133 2290 haec-

105 2340 213 2392 autern
226 2351 294 2392 esse
321 2329 455 2410 penitus
459 2330 489 2391 in
518 2329 622 2391 mediri
639 2328 846 2436 philosophia
863 2339 982 2401 retruso
999 2340 1101 2408 atque

105 2429 236 2504 abdite,
226 2450 328 2510 ·quae
348 2429 397 2491 isti
413 2430 554 2492 rhetores
570 2412 610 2491 ne
606 2407 831 2510 prirnoribus
833 2412 976 2510 quidem
1002 2430 1101 2494 labris

105 2531 292 2614 attigissent.
338 2531 388 2594 Ea
404 2531 613 2594 Menedemus
630 2531 782 2614 exemplis
799 2533 913 2614 magis,
936 2534 1032 2614 quaim
1049 2553 1101 2616 ar·

104 2633 276 2716 gumentis,
285 2633 463 2696 conabatur
473 2632 631 2696 refellere:
647 2634 831 2696 memoriter
844 2635 929 2698 eninr
944 2634 1044 2698 multa
1057 2655 1100 2698 ex

103 2734 299 2798 orationibus
315 2735 540 2798 Demosthenis
556 2734 707 2817 praeclarb
734 2735 851 2818 scripta
875 2736 1100 2819 pronuntians,
1123 2811 1126 2818 y

103 2831 243 2912 dicebat,
258 2837 344 2900 illum
361 2837 392 2900 in
409 2837 522 2900 animis
537 2837 585 2900 vel
596 2838 752 2921 judicum,
776 2838 825 2901 vel
851 2838 969 2920 populi,
982 2839 1012 2900 in
1029 2859 1100 2902 om·
1148 2889 1153 2896 .

103 2957 178 3000 nem
204 2951 327 3021 partem
343 2940 481 3003 dicendo
498 2940 730 3022 permovendis,
745 2961 812 3002 non
826 2939 921 3004 fnisse
937 2941 1100 3022 ignarum,

103 3039 216 3122 quibus
243 3062 282 3103 ea
298 3041 391 3104 rebus
417 3054 677 3126 consequeretur,
702 3060 774 3122 quae
800 3052 934 3124 negaret
950 3041 1000 3106 ille
1027 3042 1099 3106 sine

80 3161 87 3170 ·
103 3140 302 3224 philosophia
318 3163 501 3224 quenquam
517 3144 598 3208 scire
613 3165 716 3226 posse.
983 3132 985 3136 ’

69 3239 70 3242 '
146 3242 220 3324 XX,
253 3241 339 3308 Huic
368 3243 418 3306 ille
447 3245 676 3327 respondebat,
710 3263 774 3306 non
804 3265 838 3307 se
868 3265 999 3328 negare,
1033 3245 1099 3310 De·

103 3345 303 3428 mostheuem
320 3366 479 3410 summam
495 3347 708 3428 prudentiam,
723 3367 946 3429 summamque
961 3348 1024 3410 vim
1043 3349 1099 3412 lruss
1156 3417 1159 3424 ,

102 3447 208 3512 bnisse
233 3447 382 3510 dicendi:
415 3447 472 3512 sed
501 3449 576 3521 sivo,
605 3449 655 3512 ille
682 3449 744 3513 boc
771 3451 899 3532 ingenio
929 3451 1099 3532 potuisset,

103 3549 179 3626 sive,
193 3549 224 3616 id
250 3551 336 3634 quod
361 3561 533 3625 constaret,
557 3550 698 3615 Platonis
712 3552 871 3616 studiosus
887 3553 1039 3616 audiendi
1051 3554 1099 3617 su-
