2400 3980
340 161 401 203 »nu
426 159 578 202 oarroar:
602 157 701 202 risun
726 161 856 203 ramus.
942 195 975 228 ,Ι
1062 145 1102 201 73

754 255 773 286 ,r
895 247 997 298 „ts

112 306 202 370 aliter
210 305 339 390 sentias,
350 315 383 368 et
392 315 482 368 utare
492 303 545 368 turi
554 301 604 366 ine
616 303 746 367 mirifica
757 305 797 366 ad
812 301 1016 368 refellendum
1029 324 1104 369 oon·

111 407 290 484 suetudine,
312 407 376 489 qud
391 405 448 469 tibi
463 427 558 469 nemo
582 427 723 488 unquam
741 405 904 488 praestitit:
923 407 1025 490 ‘cujus
1039 407 1105 489 qui·
1150 471 1153 476 ,

106 501 186 596 {elem
212 509 309 592 ipsius
330 507 489 571 facultatis
504 508 689 571 exercitatio
715 525 876 571 oratorum
900 507 1028 591 propria
1048 517 1106 582 est,
1192 533 1197 546 ·

109 594 167 675 scd
179 611 247 694 jam
264 611 295 672 in
311 609 571 693 pbilosophorum
586 609 816 673 consuetudine
838 619 989 685 versatur,
1009 611 1106 673 maxi·

111 716 226 796 meque
236 732 357 788 eorum,
372 713 426 795 qui
451 712 493 774 de
520 713 607 790 omni
633 733 667 776 re
693 710 856 794 proposita
880 711 912 774 iu
938 721 1106 793 utramque

110 828 236 898 partem
263 814 366 878 solent
381 814 596 896 copiosissime
611 814 727 878 dicere.
773 814 891 877 Verbm
906 833 968 896 ego
978 833 1042 876 non
1058 835 1106 878 so-

110 919 174 986 lum
189 899 430 992 arbitrabanbis
443 916 617 998 praesertim
629 915 841 992 audientibus
854 937 873 978 a
885 937 936 980 me
946 906 1106 979 informari

110 1031 269 1102 oportere,
283 1018 385 1101 qualis
400 1039 469 1080 esse
484 1029 592 1101 posset
607 1017 641 1091 is,
656 1018 710 1098 qui
726 1018 883 1082 babitaret
899 1018 929 1084 in
945 1017 1107 1091 subselliis,

110 1141 216 1203 noque
231 1121 405 1202 quidquam
423 1119 557 1202 amplius
573 1119 709 1194 afferret,
725 1121 819 1202 quam
837 1111 922 1202 quod
939 1141 1107 1183 causarum

57 1248 66 1260 ·
110 1223 284 1286 necessitas
297 1221 490 1304 postularet:
514 1221 569 1284 sed
583 1220 685 1303 majus
697 1221 849 1302 quiddam
862 1222 1022 1297 videbam,
1034 1223 1106 1285 cum

110 1325 295 1399 censebam,
311 1335 482 1397 oratorem,
498 1323 671 1405 praesertim
687 1322 718 1384 in
735 1324 841 1386 nostra
856 1323 1027 1406 republica,
1043 1324 1108 1386 nul-

110 1426 169 1490 lius
185 1425 364 1489 ornamenti
377 1435 539 1506 expertem
553 1446 622 1486 esse
633 1436 789 1507 oportere.
834 1423 886 1487 Tu
903 1436 1021 1499 autem,
1034 1446 1109 1504 quo·

111 1530 196 1591 niam
210 1529 331 1610 exiguis
341 1509 531 1609 quibusdam
543 1527 658 1590 finibus
672 1537 774 1589 totum
786 1527 918 1589 oratoris
929 1547 1042 1588 munus
1052 1527 1108 1589 cir·

114 1630 315 1704 cumdedisti,
331 1629 393 1694 boc
408 1629 529 1691 facilius
543 1629 634 1691 nobis
647 1649 788 1712 expones
804 1650 853 1705 ea,
866 1649 937 1710 quae
950 1628 1007 1691 abs
1020 1639 1051 1692 te
1067 1629 1107 1692 de

100 1717 223 1794 ¹officiis
235 1732 465 1814 praeceptisque
476 1732 609 1793 oratoris
620 1732 753 1812 quaesita
764 1742 851 1794 sunt:
864 1733 918 1795 sed
930 1733 1054 1814 opinor,
1062 1753 1108 1795 se·

111 1835 251 1896 cundum
265 1833 349 1896 hunc
361 1835 465 1896 diem:
488 1835 566 1896 satis
582 1835 666 1896 enim
684 1835 783 1896 multa·
800 1856 818 1896 a
831 1835 921 1897 nobis
934 1833 1029 1898 hodic
1044 1835 1108 1896 dic·

111 1949 145 1999 ta
160 1935 241 1998 suntss
287 1935 383 1997 Nunc
400 1947 431 1997 et
448 1935 605 2011 Scaevola,
619 1936 818 2024 quoniammin
831 1935 1050 2021 Tusculanum
1064 1937 1118 2026 ire,
1152 2017 1156 2026 ι

110 2037 285 2113 constituit,
301 2024 428 2120 paullini
446 2038 635 2117 requiescet,
662 2022 784 2148 dupifst
804 2012 1054 2131 plalorlrang'at,
1076 2027 1108 2102 et
1153 2049 1157 2059 “

112 2164 170 2206 nos
186 2142 255 2223 ipsi,
270 2141 421 2222 quoniam
436 2141 465 2203 id
483 2141 634 2222 temporis
650 2152 708 2214 cst,
723 2123 894 2202 ‘ualetudiiri
906 2129 1022 2202 'demis
1034 2133 1108 2222 ope·

112 2267 191 2334 ram.
238 2229 584 2307 Placuitsicomnibus
623 2241 708 2306 Tum
722 2243 1129 2326 Scaevola,Sanb,inquit,‘

111 2329 222 2410 vellem
240 2367 303 2408 non
321 2342 566 2420 constituissem,
582 2346 612 2407 in
627 2344 847 2434 Tusculanum
862 2367 912 2408 me
929 2345 1022 2410 hodie
1035 2368 1108 2410 ven·

113 2465 215 2513 turum
228 2469 307 2522 esse,
320 2445 418 2509 Laelio
430 2472 438 2520 3
457 2447 591 2511 libenter
604 2449 746 2512 audirem
760 2441 933 2512 Antonium
946 2467 952 2511 :
976 2462 1018 2525 et,
1034 2453 1106 2514 crim

114 2543 307 2635 assurgeret,
322 2549 412 2612 simul
430 2551 580 2624 arridens,
603 2551 633 2613 N
637 2573 717 2632 eqne
734 2553 829 2626 enim,
844 2553 953 2632 inquit,
969 2565 1035 2616 tam
1052 2555 1105 2630 mi·

112 2657 141 2719 bi
160 2651 392 2740 molestus'suit,
408 2653 492 2732 quod
505 2653 555 2735 jus
571 2649 711 2716 nostrum
729 2655 819 2718 civile
836 2656 987 2738 pervellit,
1010 2660 1106 2737 qbam

105 2758 277 2845 jucundus,
292 2754 381 2838 quod·
394 2775 427 2816 se
444 2755 473 2816 id
494 2756 614 2817 nescire
628 2757 790 2819 confessus
813 2771 869 2821 est.
