2466 3966
273 175 276 180 -
313 149 537 198 irsoum·
560 149 660 197 mun
677 147 871 200 secururs.
1028 111 1089 198 rot

84 310 220 384 pastos
249 308 350 382 utque
364 298 533 383 erperlnos
557 298 677 364 hebere
691 298 825 364 debetis.
843 281 850 292 ⁴
870 301 1019 385 Longum
1042 283 1092 364 eit

86 404 173 468 euim
189 421 280 466 narro
296 421 351 466 rna
364 401 537 485 optione,
544 401 610 482 qut
621 402 746 466 ratione
758 411 813 466 aut
824 403 1092 478 confirmaremur

86 505 252 569 infirmare
275 513 385 580 testes,
413 504 550 581 tabulas,
572 505 776 587 mimallones,
805 513 964 588 oporteat.
1009 505 1092 570 Hoee
1171 532 1176 544 ·

85 617 162 671 sunt
176 607 290 670 omnia
304 606 424 689 ingenii
438 607 488 671 rel
514 608 695 683 mediocris,
720 605 956 672 exercitationis
980 618 1089 670 autern

86 710 261 774 maximae:
285 719 387 772 artem
397 708 579 791 quidemst
589 721 753 794 praecepto
768 711 926 781 duntaxat
936 707 1092 772 hactenus
1162 719 1171 742 ⁸

86 814 266 893 requirunt,
292 821 328 875 ut
342 812 437 876 certis
462 809 591 876 dicendi
606 813 777 876 luminibus
792 823 952 876 ornentur.
998 808 1092 873 Item·

88 935 153 995 que
167 913 413 1018 illm-qumunt⁸
427 914 555 978 alterius
578 915 714 998 generis,
740 935 812 997 quas
827 925 897 978 tota
914 914 955 978 ab
966 924 1093 977 oratore

89 1017 271 1100 pariuntur,
286 1017 558 1098 excogitationem
574 1037 638 1080 non
666 1017 787 1082 habent
801 1017 975 1093 difficilem,
999 1015 1095 1099 expli-

89 1119 257 1182 cationem
271 1117 375 1200 magis
388 1118 537 1182 illustrem
549 1117 804 1200 perpolitamque
814 1119 1007 1184 desiderant.
1031 1118 1094 1182 Ito·
1155 1115 1158 1122 ⁴

91 1241 172 1304 que,
186 1223 261 1284 crim
288 1217 359 1284 haec
384 1220 450 1284 duo
464 1219 559 1282 nobis
583 1221 756 1300 quaerendo
781 1221 889 1285 sintin
906 1222 1021 1296 causis,
1036 1221 1096 1303 pri·

91 1325 182 1386 mum
202 1323 290 1404 quid,
315 1322 432 1386 deinde
460 1321 623 1404 quomodo
650 1323 815 1398 dieamus3
838 1323 984 1399 altorum,
1008 1323 1095 1403 quod
1200 1325 1203 1333 '

91 1437 196 1488 totum
209 1435 277 1488 arte
289 1425 423 1488 tinctum
437 1423 569 1498 videtur,
582 1425 710 1486 temetsi
724 1435 823 1487 artem
837 1423 976 1503 requirit,
985 1435 1094 1486 tomen

24 1577 28 1594 .
92 1528 273 1612 prudentie
285 1525 334 1592 est
345 1529 436 1610 paene
446 1527 625 1601 mediocris,
636 1526 711 1606 quid
723 1526 894 1589 dicendum
908 1525 963 1613 eit,
972 1525 1094 1587 videre:

93 1631 230 1695 alterum
242 1641 301 1706 est,
316 1629 347 1692 in
361 1651 425 1711 quo
440 1629 574 1693 oratoris
595 1629 642 1692 vis
659 1629 711 1692 illa
726 1628 843 1705 divina,
855 1627 1015 1711 virtusque
1030 1647 1097 1691 cer·

91 1735 190 1808 nitur,
206 1754 256 1808 ea,
271 1753 344 1814 quae
366 1733 507 1796 dicenda
521 1743 606 1808 sunt,
631 1735 756 1810 ornate,
771 1733 912 1816 copiose,
937 1732 1096 1812 varieque,

93 1836 213 1901 dicere.

138 1939 294 2003 XXVIII.
319 1939 432 2008 Quare
459 1938 544 2002 illam
573 1949 697 2021 partem
713 1941 920 2021 superiorem,
944 1941 1095 2020 quoniam

59 2034 63 2045 ¹
94 2043 198 2108 semel
213 2044 257 2107 ita
273 2042 361 2106 vobis
376 2042 506 2126 placuit,
523 2063 587 2104 non
604 2042 761 2104 recusabo
787 2044 850 2120 quo
867 2042 969 2103 mimis
985 2061 1098 2122 perpo-

23 2181 24 2186 1
94 2148 172 2211 liam
191 2146 488 2228 atqueeonficiom:
511 2145 680 2225 (quantum
694 2163 885 2224 consequar,
900 2163 956 2204 vos
975 2141 1096 2224 judico·

23 2199 25 2352 l
97 2250 170 2318 bitis
180 2252 202 2333 t)
219 2249 333 2330 quibus
349 2269 388 2312 ex
415 2248 493 2310 locis
510 2249 550 2310 ad
563 2267 619 2308 eas
634 2256 698 2309 tres
713 2266 773 2320 res,
797 2265 870 2325 quoe
886 2245 926 2306 ad
943 2244 1038 2305 tidem
1052 2242 1097 2303 fo·

97 2353 247 2418 ciendam
275 2351 351 2416 solae
375 2351 495 2426 volent,
510 2349 648 2412 ducatur
662 2347 775 2424 oratio,
790 2360 824 2410 ut
840 2358 872 2410 et
888 2344 1098 2410 concilientur

98 2457 207 2531 animi,
217 2467 249 2518 et
262 2456 451 2530 doceantur,
460 2463 492 2518 et
504 2462 701 2516 moveantur.
749 2451 847 2536 [Haeo
858 2460 931 2514 sunt
943 2450 1026 2514 enim
1038 2448 1098 2512 tria

98 2557 268 2641 numeroz]
292 2579 333 2620 ea
358 2559 433 2620 vero
460 2557 732 2637 quemadmodum
758 2555 958 2630 illustrentur,
981 2539 1117 2635 preesto''

23 2697 25 2780 p
98 2673 158 2738 est,
172 2662 226 2744 qui
242 2681 354 2723 omnes
369 2661 487 2832 doossre
514 2661 623 2742 possit,
649 2660 703 2741 qui
714 2660 776 2722 lroo
793 2660 910 2741 primus
927 2659 956 2720 in
974 2668 1098 2719 nostros

23 2781 24 2870 l
99 2764 410 2844 moresInduxit,qui
460 2760 966 2842 asimeouxit,quisoluseffeeit.
1000 2759 1099 2818 Nom·

23 2925 24 2942 ,
100 2891 161 2950 que
177 2890 251 2952 ego,
263 2867 389 2941 Catulo,
414 2865 534 2947 (dicam
557 2865 652 2926 enim
670 2886 733 2926 non
752 2881 898 2925 reverens
915 2859 1099 2922 assentandi

99 2972 339 3054 suspicionem)
356 2969 597 3032 neminemesse
609 2977 769 3028 oratorem
787 2963 883 3046 paulo
899 2961 1098 3039 illustriorem
1117 2987 1124 3000 ·

102 3076 245 3150 arbitror,
272 3095 377 3156 neque
402 3073 551 3135 Graecum
577 3089 681 3149 neque
709 3069 871 3142 Latinum,
898 3087 992 3149 quem
1021 3049 1100 3129 retas

23 3195 24 3198 ’
102 3190 210 3244 nostra
226 3178 341 3252 tulerit,
356 3199 451 3257 quem
465 3197 528 3238 non
545 3184 578 3238 et
599 3175 685 3255 saepe
700 3183 734 3236 et
748 3173 919 3256 diligenter
933 3171 1099 3234 audierim.

103 3285 227 3366 Itaque,
242 3283 267 3345 si
279 3279 354 3363 quid
372 3292 420 3344 est
435 3281 465 3342 in
479 3299 542 3355 me,
555 3278 656 3359 (quod
665 3277 732 3361 jem
743 3297 871 3360 sperare
886 3277 1008 3350 videor,
1022 3296 1101 3357 quo·

103 3387 187 3450 niam
214 3386 343 3468 quidem
368 3405 433 3458 vos,
449 3384 496 3448 his
512 3383 646 3467 ingeniis
670 3382 824 3456 homines,
851 3391 976 3444 tantum
993 3399 1100 3462 operae

104 3491 178 3554 milri
191 3491 232 3554 ad
249 3486 445 3550 audiendum
455 3488 563 3570 datia)
576 3507 614 3550 err
630 3507 670 3550 eo
682 3487 740 3561 est,
751 3485 835 3566 quod
847 3485 921 3548 nihil
932 3483 1100 3567 quisquam

105 3612 246 3676 unquam
257 3610 309 3654 me
325 3588 475 3664 audiente
497 3591 564 3674 egit
578 3603 697 3667 orator,
712 3589 798 3672 quod
819 3611 884 3652 non
901 3589 932 3650 in
949 3582 1101 3650 memorie
