2466 3966
112 101 199 167 teu·
316 115 560 186 'sumtuose
576 116 678 170 unns
696 113 881 171 “cunnus-
948 183 951 186 .
1054 126 1060 131 ·
1119 121 1123 126 ·

108 265 222 335 dutum
230 263 278 346 td,
286 263 640 346 summanus-„nutu
652 281 733 345 quos
747 259 894 336 dicimus,
918 259 960 324 sd
972 259 1006 324 id
1020 259 1120 342 quoe

109 367 264 444 volumus,
278 368 541 446 commovendos.
584 365 637 430 ltu
648 364 730 430 rstio
743 361 850 431 omnis
864 363 994 428 dicendi
1009 362 1119 426 tribus

110 469 151 534 ud
165 470 422 552 persuadendum
438 469 531 536 rebus
546 479 596 535 est
606 468 700 532 nixu:
722 479 757 532 ut
768 465 939 552 probemus
951 483 1029 530 veru
1038 483 1115 530 esse

109 591 162 652 eu,
175 592 248 654 quae
262 571 479 648 defendimus,
500 583 535 636 ut
550 568 758 636 conciliemus
770 569 862 634 nobis
874 589 940 644 eor,
953 567 1010 650 qui
1023 567 1116 631 sudi·

33 713 44 740 ι
110 685 186 738 unt:
209 687 247 740 ut
256 675 380 740 animos
395 694 526 750 eorum,
543 675 584 738 ud
600 691 829 757 quemcunque
849 693 955 736 ›eeusa
970 669 1115 754 postule·

86 827 88 832 -
110 777 157 842 bit
173 789 307 854 motum,
322 797 483 844 vocemus.
528 776 579 842 Au
596 775 799 860 probandum
811 785 919 838 nutem
932 773 1051 856 duplex
1062 783 1115 838 esi
1184 769 1193 776 ⁷

110 879 229 944 oratori
255 879 398 963 subjectu
416 879 580 944 materies:
603 900 668 956 unu
683 899 790 943 rerum
816 895 940 952 esrum,
955 893 1114 962 quaeuou

110 983 333 1066 excogitantur
349 982 392 1046 ab
407 994 545 1060 oratore,
559 984 615 1060 sed
644 983 682 1046 in
690 1003 724 1046 re
741 979 864 1065 posite,
890 979 1115 1044 rotionntruo·

110 1095 238 1160 tantur3
259 1096 295 1148 ut
309 1085 438 1162 tabule,
462 1086 656 1158 testimonis,
682 1095 792 1170 paster
816 1092 989 1158 conventu,
1011 1101 1115 1164 quaes·

110 1185 225 1265 tiones,
253 1187 353 1271 leges,
381 1188 671 1277 senatusconsultu,
700 1209 751 1252 res
776 1185 942 1272 judicate,
968 1185 1115 1261 decreta,

110 1312 275 1375 responsu,
291 1291 509 1376 straturus
528 1301 697 1376 quaesunt,
721 1313 794 1374 quae
811 1288 1057 1372 uon‘psriuntur
1069 1287 1115 1351 nb

27 1405 34 1414 “
110 1387 249 1474 orntore,
264 1397 320 1460 sed
334 1396 547 1462 adoratorem
564 1395 692 1462 aeuusd
719 1406 816 1478 utque
832 1414 898 1457 ere
913 1391 1116 1468 deseruntur,

112 1498 223 1575 altere,
246 1519 318 1582 quae
335 1499 448 1564 totuin
463 1499 680 1584 disputatione
702 1509 736 1564 et
751 1495 1031 1582 argumentatione
1044 1515 1116 1572 ors·

112 1601 187 1662 tor'is
203 1601 365 1664 collooata
379 1613 439 1665 est.
483 1602 534 1666 ltu
549 1603 580 1666 in
596 1601 759 1684 superiore
780 1619 901 1684 genere
917 1599 958 1663 de
974 1607 1116 1662 tractau-

111 1701 159 1765 dis
175 1687 383 1782 argumentis,
391 1703 423 1764 in
440 1703 502 1766 hoo
514 1715 622 1766 eutem
637 1703 735 1768 etium
752 1703 793 1765 de
806 1701 1016 1777 inveniendis,
1027 1699 1117 1784 eogi-

112 1803 247 1869 tandum
259 1813 317 1868 est.
360 1804 469 1888 Atque
484 1803 533 1868 isti
550 1804 692 1887 quidem,
702 1805 756 1888 qui
767 1806 984 1881 decennnium
999 1823 1116 1868 causas

113 1905 144 1971 in
158 1905 249 1988 plura
263 1926 385 1990 genere
409 1918 591 1985 secuerunt,
612 1908 744 1993 singulis
759 1909 930 1994 generibus
946 1927 1116 1992 argumen-

112 2018 218 2076 torum
232 2009 362 2092 copiam
371 2023 566 2094 suggerunt:
589 2011 676 2094 qu'od
692 2011 819 2076 etiamsi
834 2012 877 2076 ud
900 2010 1117 2075 instituendos

113 2111 371 2176 adolescentulos
386 2113 491 2196 tnagis
506 2123 620 2196 nutum
637 2124 698 2190 est,
723 2125 769 2189 ut,
794 2112 929 2176 rimulae
945 2112 1051 2194 posite
1074 2113 1118 2178 sit

113 2205 224 2292 sauss,
245 2214 399 2293 babeant,
424 2216 535 2297 quone
550 2215 701 2293 referent,
726 2215 812 2280 unde
827 2213 937 2280 statim
962 2212 1117 2298 expeditu

112 2317 235 2399 possint
255 2329 446 2402 argumente
468 2320 680 2403 depromere,
700 2328 810 2386 tumen
826 2328 860 2384 et
885 2317 967 2382 turdi
993 2316 1116 2401 ingenii

111 2430 171 2495 est,
187 2419 301 2484 rivulos
316 2422 507 2498 consectari,
517 2421 623 2486 sontes
634 2443 739 2486 rerum
765 2443 831 2488 non
847 2422 974 2497 videre,
999 2419 1114 2504 etjam
1198 2476 1202 2498 ι

38 2573 41 2578 .
113 2522 217 2586 aetutis
232 2533 281 2588 est
295 2523 432 2606 mireque
447 2525 557 2602 nostri,
572 2545 592 2588 a
607 2526 725 2610 cupite,
740 2525 828 2608 quod
844 2524 987 2602 velimus,
1011 2543 1115 2590 arces·

113 2646 193 2702 sere,
209 2636 252 2702 et,
267 2628 353 2722 unde
368 2626 478 2693 omnio
496 2628 771 2706 monent,videre.
858 2703 866 2707 ,
1020 2629 1024 2636 ’

157 2728 200 2800 Et
219 2729 354 2812 primum
370 2751 472 2814 genus
495 2730 569 2794 illud
585 2753 697 2796 earum
718 2753 838 2808 rerum,
853 2751 926 2814 qum
952 2732 995 2796 sd
1009 2740 1115 2796 eruto·

114 2850 182 2892 rem
193 2831 390 2910 deteruntur,
404 2834 594 2900 meditatum
608 2835 701 2900 nobis
722 2834 752 2898 in
776 2845 980 2919 perpetuum,
996 2835 1038 2900 ud
1049 2857 1114 2901 om·

114 2931 188 2992 nern
206 2943 298 2998 usum
313 2935 460 3000 similium
477 2959 592 3014 rerum,
615 2959 685 3008 esse
697 2937 842 3002 debebit:
866 2959 941 3002 nem
956 2937 1114 3021 protsbm
1219 2965 1221 2974 ⁴

114 3032 150 3096 lis
163 3043 196 3126 et
211 3045 324 3098 contre
341 3037 469 3102 tubulus
477 3065 486 3114 ς
509 3061 566 3124 pro
582 3041 716 3106 testibus
730 3051 765 3104 et
785 3051 900 3104 eontra
916 3052 1034 3118 testes,
1056 3061 1113 3125 pro

13 3161 19 3169 ·
114 3135 342 3220 quaestionibus
368 3151 402 3202 et
424 3154 538 3208 contre
553 3145 762 3224 quaestiones3
783 3155 817 3208 et
840 3143 916 3208 item
933 3145 1112 3212 docereris

11 3295 13 3334 ᾗ
115 3237 209 3300 rebus
231 3239 373 3323 ejusdem
388 3245 526 3325 generis,
540 3246 590 3310 vel
605 3247 780 3330 seperatim
796 3247 904 3320 dieure
918 3250 1060 3314 solenus
1072 3249 1111 3314 de

11 3337 12 3340 ’
115 3359 233 3422 genere
246 3341 402 3421 universo,
426 3345 473 3409 vel
486 3347 616 3413 definite
628 3350 669 3414 de
681 3351 812 3435 singuiis
827 3355 1036 3437 temporibus,
1060 3353 1111 3417 bn·

116 3441 394 3518 minturnensis:
417 3469 497 3530 quos
512 3449 646 3530 quidem
655 3450 744 3516 leons
757 3455 862 3536 (robis
873 3457 948 3532 hoc,
959 3457 1069 3534 Cotto,
1080 3469 1111 3524 ot

62 3617 70 3630 ,
116 3543 249 3630 Sulpici,
264 3545 353 3639 dico)
371 3549 468 3612 noue
484 3553 770 3636 eommentatione,
789 3569 887 3652 etque
905 3559 1110 3640 meditatione
