2466 3966
317 153 359 196 na
381 151 532 194 ortunae
556 151 653 194 arnna
680 149 859 194 secernas.
1016 111 1074 191 l35

2 311 5 324 ·
105 299 294 366 contrariam
306 310 439 384 portem,
450 297 534 382 quod
545 279 652 362 siraut'
662 299 796 383 gravius,
806 306 860 361 aut
869 299 957 381 aeqoe
970 317 1075 382 grave.

15 485 23 498 η
106 403 163 468 Illa
178 417 294 480 autem,
308 419 380 485 quta
393 415 446 468 eut
458 401 685 469 conciliationis
700 401 795 466 cause
809 401 928 476 leniter,
944 413 998 466 aut
1009 421 1076 484 per·

106 509 251 572 motionis
267 509 465 572 vehementer
480 505 801 591 aguntur,oontrariie
814 505 1076 570 commotionibus
1156 499 1163 506 ’

106 613 267 678 inferendo
278 624 360 688 eunt,
371 621 405 676 ut
416 610 489 676 odio
502 610 732 687 benevolentia,
743 609 952 702 misericordie
962 609 1078 674 invidia

106 716 241 782 tollatur.
1082 643 1143 794 ild

113 873 119 890 .
147 819 231 884 LIV.
254 819 365 886 suavis
381 829 484 886 eutem
500 832 558 896 est,
572 830 608 884 et
618 819 820 884 vehementer
834 820 917 901 eaepe
932 817 1013 882 utilia
1031 816 1078 902 jo·

10 987 12 994 ,
106 943 171 998 cua,
185 935 216 988 et
230 922 373 1000 lacetiae3
394 944 474 1006 quae,
493 922 614 986 etiamsi
628 923 688 987 alin
702 925 809 986 omnin
824 921 906 986 tradi
918 933 984 986 arte
1007 941 1077 1004 poe·

7 997 16 1024 ⁹
105 1038 186 1104 sunt,
211 1039 330 1092 naturae
344 1039 415 1092 sunt
430 1028 555 1112 propria
570 1029 666 1103 certe,
683 1047 785 1109 neque
800 1026 896 1091 ullem
910 1036 1010 1093 artem
1022 1026 1077 1095 de·

29 1191 30 1197 ,
106 1131 253 1198 siderent.
296 1132 332 1197 In
352 1133 464 1215 quibus
479 1145 513 1196 tu
526 1131 620 1216 longe
636 1130 712 1207 aliis,
738 1131 808 1196 m'erl
822 1130 986 1208 sententie,
1011 1130 1079 1194 (3ae-

2 1242 9 1266 ⁸
48 1253 69 1296 .·
104 1257 166 1313 aar,
189 1236 332 1302 excellis:
355 1237 417 1319 qud
444 1237 547 1320 magis
574 1235 648 1300 mihi
663 1233 757 1299 etiem
784 1235 870 1299 testie
895 1257 963 1299 esee
978 1248 1079 1318 potes,

37 1383 61 1414 -.
105 1351 160 1404 aut
174 1340 290 1429 nullom
306 1361 374 1406 esee
389 1351 488 1404 artem
503 1340 593 1414 salis3
608 1349 671 1414 aut,
697 1337 722 1401 si
737 1358 799 1420 qua
813 1349 871 1414 est,
886 1357 958 1401 eam
972 1359 1029 1402 nos
1043 1349 1078 1402 tu

16 1421 23 1442 ’
65 1459 69 1467 ’
105 1434 299 1528 potissimam
314 1443 453 1508 docebis.
497 1443 568 1526 Ego
587 1442 671 1519 vero,
692 1441 922 1524 inquitCaesor,
937 1442 1021 1504 omni
1038 1443 1078 1506 da

3 1543 17 1578 ‘²
55 1582 62 1600 ·
106 1569 139 1612 re
150 1535 283 1612 lacetirle
298 1557 373 1630 puto
385 1567 477 1630 posse
489 1545 531 1612 ab
542 1545 668 1610 homine
683 1567 746 1610 non
758 1544 922 1622 inurbane,
933 1547 1026 1628 quiem
1039 1545 1079 1608 de
1163 1625 1166 1630 r

107 1651 180 1738 ipsiu
194 1649 324 1726 leoetiiS,
348 1650 508 1734 disputari.
552 1650 674 1732 Itaque,
688 1651 762 1714 oiim
776 1649 928 1731 quosdam
950 1649 1079 1712 Graecos

13 1843 15 1850 y
107 1755 270 1839 inscriptos
281 1753 376 1820 libros
390 1775 458 1820 ease
473 1754 617 1820 vidissem
632 1755 672 1820 de
694 1754 838 1831 ridiculis,
852 1752 1034 1846 nonnullam
1049 1755 1080 1818 in

4 1851 23 1890 ‘⁸'
87 1853 90 1858 ’
107 1877 364 1944 spemveneram,
377 1879 470 1944 posse
484 1881 536 1924 me
548 1858 663 1944 aliquid
675 1857 928 1924 axidtiediacere.
971 1858 1079 1923 Inveni

49 2011 56 2024 .
107 1975 214 2030 eutem
227 1962 357 2029 ridicula
382 1975 415 2030 et
429 1962 512 2028 salsa
527 1963 624 2028 multa
651 1963 856 2038 Graecorumr
876 1981 951 2026 nam
974 1975 1007 2028 et
1033 1962 1079 2026 Si·
1111 1984 1115 1992 “

60 2145 63 2151 ¹
81 2140 84 2146 ,
108 2066 171 2132 ooli
184 2069 215 2132 in
227 2088 268 2132 ao
282 2089 410 2151 genere,
434 2077 466 2132 et
481 2064 607 2144 Rhodii,
624 2077 657 2131 et
671 2067 824 2151 Byzantii,
848 2076 881 2130 et
895 2077 1006 2150 praeter
1021 2085 1081 2132 oae·

15 2157 39 2248 ᾗ·
108 2171 312 2248 teroe,.'Attici
327 2170 501 2236 excellunt:
523 2171 579 2236 sed
602 2170 654 2253 qui
669 2170 735 2254 ejus
756 2170 800 2234 rei
815 2170 969 2240 rationem
984 2190 1080 2251 quau·

84 2335 89 2346 ,
106 2272 301 2338 dammnati
314 2284 387 2338 aunt
398 2285 559 2356 artemque
571 2274 705 2350 tradere,
716 2272 761 2337 sic
772 2272 877 2338 insulsi
889 2272 1081 2349 exstiterunt,

3 2391 12 2436 r
107 2387 144 2440 ut
154 2375 227 2440 nilril
239 2375 322 2442 aliud
334 2395 452 2460 eorum,
463 2376 520 2440 uisi
530 2375 599 2461 ipse
608 2375 771 2454 insulsitas,
781 2377 926 2442 rideatur.
970 2375 1081 2447 Quare

110 2479 184 2544 mihi
198 2478 282 2544 nullo
300 2479 427 2544 'videtur
441 2480 536 2544 modo
561 2480 703 2544 doctrind
718 2481 776 2546 iste
801 2503 850 2544 res
873 2500 964 2565 posse
990 2483 1080 2547 tradi.

3 2645 10 2666 ,
109 2583 235 2649 Etenim
250 2583 397 2676 odmduo
416 2604 533 2668 genera
548 2585 608 2648 sint
623 2583 818 2661 facetiarum,
833 2585 963 2650 alterum
980 2605 1081 2666 aequa·

109 2685 211 2752 turim
225 2688 256 2750 in
281 2687 366 2752 omni
388 2709 531 2753 sermone
556 2688 668 2764 fusum,
693 2688 825 2753 alterum
850 2700 1034 2772 peracutum
1050 2701 1082 2753 et

66 2817 69 2822 ·
111 2791 223 2868 brevar
244 2790 330 2880 illua
354 2792 508 2856 veteribus
533 2793 671 2875 superior
697 2792 864 2870 cavillatio,
890 2791 958 2856 haeo
984 2791 1082 2855 altera

4 2957 7 2976 ,
111 2895 262 2960 dicacitas
287 2895 448 2960 nominate
474 2907 529 2959 ast.
578 2895 663 2960 Leve
688 2917 804 2958 nomen
830 2894 925 2958 habet
950 2906 1082 2978 utraque

28 3037 34 3050 ι
82 3061 84 3070 ,
110 3019 179 3075 raa3
199 3000 315 3083 quippe
340 2999 407 3063 leve
433 2998 517 3062 enim
542 3009 590 3062 est
615 2999 801 3078 totumhoc,
827 2997 919 3062 risum
947 3019 1081 3066 movere.

20 3182 27 3198 .
111 3101 333 3166 Verumtamen
359 3101 509 3184 (utdicis,
534 3101 667 3186 Antoni)
694 3103 825 3189 multum
839 3103 869 3167 in
889 3108 990 3169 causis
1017 3127 1083 3189 per·

111 3207 197 3289 aaepe
220 3205 326 3288 lepore
341 3219 373 3270 et
387 3205 507 3270 facetiis
528 3206 636 3290 profici
661 3204 730 3270 vidi.
775 3207 853 3284 Sed,
878 3211 949 3273 crim
976 3210 1006 3272 in
1031 3209 1084 3275 illo

111 3327 227 3394 genere
241 3320 400 3392 perpetue
408 3301 580 3374 festivitatis
592 3331 641 3374 ars
652 3331 713 3374 non
725 3309 936 3390 desidereturr
958 3314 1085 3394 (natura

3 3429 13 3478 t
112 3415 197 3479 enim
210 3411 300 3496 fingit
315 3411 454 3476 homines
468 3427 499 3478 et
512 3429 599 3478 creat
613 3413 784 3478 imitatores
799 3426 831 3481 ct
849 3430 1025 3482 narratores
1041 3419 1084 3482 sa·

113 3514 352 3592 cotoneorum
368 3516 545 3601 adjuvante,
558 3528 590 3582 et
604 3538 693 3594 voce,
708 3529 741 3582 et
755 3518 823 3602 ipso
837 3541 953 3604 genere
968 3543 1084 3587 sermo·
1144 3553 1147 3562 ⁴

113 3621 193 3709 nior)
214 3631 281 3684 turn
296 3619 369 3690 vero
385 3619 414 3683 in
431 3619 491 3684 hoc
514 3621 612 3685 altero
627 3621 812 3700 dicacitatis,
834 3625 908 3707 quid
924 3625 1084 3693 habetare

3 3719 22 3796 {a
114 3723 187 3808 leci,
213 3727 285 3802 erim
301 3733 374 3793 ante
399 3723 472 3790 ittud
498 3722 634 3789 facetum
643 3715 769 3791 [dictum
795 3729 941 3794 emissum
967 3728 1083 3798 haerere
1200 3729 1202 3738 ⁴

1119 3877 1229 3934 ι-Ν
