2400 3980
157 107 195 164 38
399 119 441 164 oe
464 117 613 164 aaaron
637 117 734 164 urano
757 117 886 164 antuus.

145 266 396 353 illaoogotiram
420 277 453 334 et
478 285 676 354 acceperam,
702 277 872 349 antequam
889 263 929 330 de
956 285 989 330 ra
1015 263 1154 329 dicore·
1179 353 1180 360 ἵ

53 415 93 479 24
121 407 128 425 ι
158 393 240 489 qius,
261 369 349 464 initio
363 369 578 438 conciliando·
603 392 712 436 eorurn
738 391 806 436 ease
833 369 964 446 animos,
979 367 1032 451 qui
1049 369 1151 432 audi-

97 429 225 542 tAstron)
237 493 245 538 ε
263 460 382 541 ‘diffide
407 495 472 542 rem
497 475 795 541 demonstrandam:
818 487 930 558 posteo
955 481 1150 538 controver—

61 544 521 644 sss‘t‘t‘sirlttiollstituendam:
543 579 676 655 tumid,
701 578 785 660 quod
806 597 863 642 noe
889 575 1148 652 intenderemus,

156 682 426 749 confirmandum:
448 683 529 768 prist,
543 704 614 765 quae
629 685 738 748 contrat
749 681 938 758 dicerentur,
946 679 1146 744 refellenda:

155 787 294 856 extremi
308 797 415 853 autem
429 786 581 865 oratione,
602 809 653 865 ea,
667 807 737 870 quae
752 809 808 871 pro
833 785 923 850 uobis
938 797 1052 861 essent,
1068 805 1144 850 am·

154 891 326 978 plificanda
340 903 373 956 et
395 891 561 978 augenda3
582 913 714 976 quaeque
739 903 844 956 essent
859 911 915 974 pro
937 888 1143 966 aduersariis,

155 996 343 1062 infirmanda
357 995 652 1082 atqua'lrangenda.
744 999 755 1022 “

103 1117 106 1124 ’
197 1095 335 1164 XXXII.
369 1099 540 1164 Audieram
565 1099 661 1169 etiam
690 1121 760 1181 quae
789 1100 830 1163 de
859 1096 1007 1164 orationis
1036 1096 1141 1182 ipsius

156 1203 348 1270 ornamentis
377 1204 593 1286 traderentur3
624 1204 655 1267 in
685 1204 745 1286 qud
778 1203 955 1288 praecipitur
986 1201 1140 1286 primdm‚

155 1323 187 1374 ut
204 1312 278 1395 pure
304 1319 337 1374 et
359 1307 454 1374 latine
480 1307 660 1391 loquamur:
682 1307 797 1372 deinde
820 1319 854 1372 ut
879 1307 971 1391 plane
997 1316 1030 1372 et
1054 1305 1139 1370 dilu-

154 1414 240 1481 oide:
263 1426 329 1478 turn
354 1421 389 1478 ut
413 1415 541 1478 ornate:
565 1412 690 1496 posted
717 1411 1028 1496 rerumdignitatem
1056 1415 1138 1494 apte
1179 1413 1180 1496 i

153 1537 187 1584 et
200 1519 290 1601 quasi
312 1517 445 1582 decore:
468 1516 720 1602 singularumque
746 1535 848 1580 rerum
873 1526 1034 1602 praecepto
1056 1537 1138 1601 cog-

154 1622 272 1686 noram.
317 1619 514 1696 Quinetiam,
529 1641 599 1702 quae
625 1619 759 1698 maxime
776 1618 900 1704 propria
923 1629 1026 1683 essent
1041 1631 1137 1683 natu·
1179 1665 1180 1670 η

154 1745 207 1801 rae,
223 1736 329 1788 tamen
339 1723 386 1786 lris
400 1722 475 1808 ipsis
488 1735 587 1787 artem
598 1723 738 1788 adhiberi
751 1711 896 1788 videram.
929 1723 1014 1786 Nam
1028 1723 1068 1788 da
1079 1743 1136 1788 ac·
1179 1729 1180 1738 ’

155 1828 240 1900 tione
265 1827 353 1893 etde
368 1826 528 1903 memorial,
543 1827 690 1908 quaedam
716 1827 831 1906 brevia,
856 1827 910 1892 sed
927 1827 1043 1912 magnai
1056 1849 1135 1892 cum
1158 1831 1180 1864 '¹

41 1927 49 1978 ι’
73 1936 76 1944 ’
124 1927 131 1965 3'·
146 1917 379 1998 ''exercitatione
402 1943 561 2016 praecepta
576 1931 742 2016 gusttiram
787 1932 823 1996 ln
839 1931 886 1996 nis
909 1931 993 1996 enim
1007 1931 1134 1998 serere·

155 2037 211 2100 bus
237 2035 337 2135 amois
355 2038 491 2148 'istorum
514 2035 667 2100 artificum
692 2035 837 2100 doctrina
861 2049 1009 2112 versatur,
1034 2057 1133 2118 quam

36 2138 39 2146 ’
60 2145 65 2160 ”
85 2135 90 2158 ²
132 2127 141 2153 ³
155 2150 216 2226 ego
231 2125 353 2205 sl‘htitit
366 2126 474 2204 didam
489 2140 646 2224 adjuvare,
666 2140 817 2204 mentiar:
838 2139 935 2204 habet
950 2139 1035 2203 enim
1045 2161 1132 2222 quae·

154 2247 229 2310 dam
244 2244 331 2328 quasi
357 2245 399 2308 ad
422 2245 688 2308 commonendum
715 2256 881 2320 oratorem,
906 2245 969 2326 qud
993 2243 1132 2326 quidque

153 2349 276 2425 reserat,
291 2361 323 2413 et
338 2350 400 2430 qud
416 2347 550 2423 intuens,
576 2348 617 2411 ab
632 2369 682 2424 eo,
707 2347 919 2429 quodcunque
933 2345 992 2412 sibi
1017 2369 1131 2432 propo·
1179 2373 1180 2382 ¹

66 2523 70 2532 ¹
154 2451 258 2526 suerit,
284 2449 385 2514 minius
411 2451 544 2514 aberret.
588 2451 703 2514 Verum
729 2473 791 2535 ego
806 2451 888 2515 hano
902 2451 963 2514 rim
991 2449 1131 2536 intelligo
1179 2475 1180 2484 ¹

155 2555 269 2620 esseio
294 2552 460 2638 praeceptis
474 2549 642 2638 omnibus,
663 2576 725 2620 noo
747 2569 781 2619 ut
805 2577 843 2642 ea
869 2554 968 2619 secuti
991 2567 1131 2620 oratores
1179 2547 1180 2552 ¹

155 2653 343 2740 eloquentiae
358 2657 484 2722 laudem
499 2657 560 2720 sint
575 2657 693 2742 adepti,
707 2660 773 2736 sed,
796 2679 867 2741 quae
881 2658 935 2723 sud
948 2672 1059 2744 sponte
1076 2659 1129 2724 lio·

135 2824 138 2829 ,
154 2763 252 2828 mines
267 2763 450 2845 eloquentes
465 2761 616 2838 facerent,
642 2783 682 2856 eo
696 2764 849 2845 quosdam
872 2762 1061 2840 observisse,
1084 2779 1127 2828 at·

153 2889 213 2949 que
226 2869 272 2953 [id
282 2869 381 2953 egisse
392 2867 416 2953 :]
439 2866 484 2932 sie
494 2887 562 2931 esse
575 2887 637 2930 non
648 2865 858 2949 eloquentiam
870 2888 907 2931 err
923 2865 1063 2943 artificio,
1072 2870 1127 2948 sed

154 2971 319 3036 artificium
344 2991 383 3035 ex
408 2971 587 3052 eloquentie
612 2983 739 3036 notum:
762 2971 846 3052 quod
864 2981 981 3046 tamen,
1006 2983 1040 3034 ut
1054 2975 1125 3037 ante

154 3075 225 3151 dixi,
238 3095 301 3138 non
317 3073 426 3160 ejicio:
449 3089 495 3139 est
511 3075 595 3138 enim
610 3075 731 3139 etiarnsi
746 3074 847 3138 minius
862 3073 1071 3140 necessarium
1086 3078 1123 3140 ad

57 3215 59 3220 .
154 3183 235 3246 bene
250 3179 431 3255 dicendum,
443 3193 549 3242 tamen
566 3181 605 3242 ad
619 3180 876 3263 cognoscendum
892 3201 954 3244 non
970 3177 1123 3245 illiberale.
1144 3249 1153 3270 ,
1179 3233 1180 3254 ,

154 3285 195 3350 Et
221 3281 405 3350 exercitatio
431 3283 577 3366 quaedam
602 3283 801 3367 suscipienda
824 3283 911 3352 uobis
937 3296 1001 3350 est:
1034 3303 1124 3366 quan·
1179 3307 1180 3312 ¹

106 3387 108 3394 ‘
154 3402 249 3472 quam
264 3409 320 3452 vos
334 3386 462 3470 quidem
483 3387 671 3471 jampridem
686 3387 758 3451 estis
774 3389 804 3452 in
820 3405 929 3452 cursu:
952 3387 1007 3452 sed
1021 3387 1050 3463 ii,
1074 3389 1124 3470 qui

155 3490 370 3578 ingrediuntur
385 3490 415 3554 in
431 3490 576 3565 stadium,
592 3489 705 3577 quique
720 3513 769 3566 en,
787 3512 858 3573 quaa
872 3492 998 3576 agenda
1013 3493 1122 3556 suntin
1179 3571 1180 3582 ἵ

153 3599 232 3674 loro,
247 3607 399 3678 tanquam
414 3593 444 3658 in
456 3593 534 3670 acie,
551 3581 679 3676 possunt
695 3595 791 3660 etiam
807 3617 891 3662 nunc
906 3595 1124 3664 exercitatione
