2466 3966
363 131 408 184 'on
432 139 585 184 onnrorrs
609 140 708 184 ursan
732 143 914 190 secernas.
1030 118 1116 186 'too

76 293 232 370 crepat,
266 277 370 370 'genus
386 285 548 368 quoddam
563 289 666 352 babet
679 287 837 372 ambigui3
872 290 958 371 quod
982 299 1049 353 tum
1066 309 1118 352 ex·

77 391 266 473 piieatur,
282 392 357 452 edm
373 409 413 452 ea
428 391 536 483 rerba,
547 411 619 474 quae
630 393 756 468 desunt,
771 403 924 475 suggesta
938 387 1031 469 sunt'3
1052 391 1118 474 qui·

79 493 148 556 bus
164 492 317 567 additis,
329 491 519 568 defenditur,
529 495 721 558 sententiam
735 493 842 577 scripti
854 495 1056 578 perspicuam
1072 495 1118 558 fu·

13 633 14 636 =
80 595 154 660 isse
169 620 182 670 3
215 603 314 657 etex
330 595 496 658 contrariis
511 597 635 679 scriptis
647 597 672 660 si
685 597 759 679 quid
776 595 956 681 ambigitur,
973 616 1037 658 non
1062 579 1118 660 no·

79 719 174 760 vum
198 717 313 780 genus
329 697 478 774 nascitur,
490 701 551 762 sed·
562 700 730 782 superioris
745 701 870 784 generis
892 719 992 763 causa
1017 698 1118 780 dupli·
1189 715 1195 731 ¹

82 813 228 864 catur:
254 799 349 880 idque
376 812 430 863 aut
454 822 617 884 nunquam
645 803 810 887 dijudicari
840 801 966 886 poterit,
997 809 1052 862 aut
1073 801 1117 862 ita

83 903 355 988 dijudicabitur,
371 915 414 979 ut,
425 905 595 968 referendis
608 905 772 988 praeteritis
786 905 897 981 verbis,
910 906 941 968 id
953 903 1116 988 scripturn,
1178 977 1182 986 Ι

13 1089 14 1104 ¹
87 1008 337 1090 quodeunque
353 1007 564 1083 defendimus,
590 1009 783 1091 suppleatur.
827 1009 877 1073 lta
893 1009 938 1084 fir,
958 1019 993 1072 ut
1019 1025 1116 1072 unum

89 1131 224 1195 genus
240 1109 270 1171 in
294 1110 329 1172 iis
353 1111 467 1187 causis,
490 1130 560 1192 qnae
584 1123 712 1194 propter
734 1113 887 1194 scriptum
903 1111 1118 1194 ambiguntur,

91 1215 326 1294 relinquntur,
340 1213 364 1276 si
381 1225 429 1276 est
443 1216 595 1297 seriptum
610 1213 726 1296 aliquid
740 1215 899 1298 ambigue.
945 1213 1118 1297 Ambiguo·
1211 1272 1215 1278 .

94 1337 187 1381 rum
219 1325 328 1378 autem
354 1317 519 1398 complura
542 1339 663 1400 genera
678 1329 769 1379 sunt:
792 1337 865 1398 quae
881 1315 956 1378 mihi
972 1316 1118 1378 videntur

13 1439 14 1444 ’
97 1420 124 1485 ii
143 1418 268 1482 meiius
284 1418 387 1495 ndsse,
402 1419 624 1502 quidialeetiei
635 1419 846 1501 appellantur,
856 1419 886 1480 hi
898 1427 1005 1480 autern
1019 1415 1117 1478 nostri

98 1525 280 1607 ignorare,
294 1522 424 1602 quinon
442 1523 544 1585 mimis
571 1521 662 1584 nosse
688 1523 848 1584 debeant:
882 1531 950 1582 tum
978 1517 1052 1581 illud
1069 1527 1120 1579 est

13 1637 14 1692 t
101 1626 411 1708 frequen-tissimum
427 1626 458 1688 in
475 1626 561 1689 omni
578 1625 810 1689 consuetudine
825 1623 874 1688 vel
890 1623 1043 1686 sermonis
1067 1619 1118 1683 vei

13 1697 15 1826 i
104 1728 245 1810 scripti,-
255 1731 329 1791 edm
346 1729 465 1791 ideireo
481 1728 597 1809 aliquid
614 1728 796 1812 ambigitur,
809 1727 894 1808 qudd
908 1737 963 1790 aut
975 1725 1118 1799 verbum,

13 1907 14 1958 i

13 1869 14 1896 r
107 1843 177 1896 aut
192 1833 291 1896 verba
303 1833 364 1895 sint
377 1833 597 1915 praetermissa.
620 1833 737 1896 Iterum
754 1841 862 1894 autern
876 1839 1025 1913 peccant,
1041 1832 1115 1892 cum

110 1925 302 2021 genus'hoe
319 1955 498 2012 causarum,
513 1936 599 2019 quod
612 1936 643 1998 in
659 1935 766 2016 scripti
780 1933 1040 2015 interpretatione
1053 1951 1118 1994 ver·
1202 1934 1208 1942 '

112 2048 221 2114 satur,
231 2037 272 2100 ab
288 2037 345 2100 iliis
358 2038 471 2113 causis,
487 2038 518 2100 in
535 2037 659 2118 quibus,
671 2035 772 2116 qualis
784 2055 919 2115 quaeque
932 2019 981 2095 res
997 2032 1047 2106 sit,
1058 2031 1123 2092 dis·

14 2187 15 2196 r
115 2125 281 2223 ceptatur,
293 2127 480 2222 sejungunt:
503 2157 661 2219 nusquam
674 2131 759 2199 enim
772 2145 839 2197 tam
852 2134 1011 2213 quaeritu'r,
1023 2131 1119 2212 quate

119 2243 164 2306 sit
178 2263 280 2326 genus
296 2242 399 2325 ipsum
415 2241 468 2316 rei,
484 2242 579 2323 qudm
596 2239 770 2321 inscripto,
785 2237 871 2318 quod
888 2219 990 2297 toturn
1007 2255 1026 2294 a
1041 2231 1119 2295 facti

122 2345 338 2411 controversie
349 2355 532 2428 separatum
545 2353 602 2406 est.
647 2335 1120 2418 Itntriasuntomninogene-
1218 2365 1219 2368 κ

125 2471 171 2526 ra,
186 2471 259 2532 quae
274 2450 304 2511 in
320 2448 586 2532 disceptationem
603 2456 636 2510 et
651 2442 899 2510 controversiam
916 2439 1034 2504 eadere
1048 2457 1121 2522 pos

125 2564 216 2629 sunt3
239 2553 314 2634 quid
341 2553 408 2627 fiat,
433 2551 565 2624 suctum,
588 2549 766 2613 futurumve
793 2545 852 2621 sit,
872 2553 930 2608 aut
944 2542 1040 2625 quale
1062 2541 1122 2614 sit,

126 2665 182 2720 aut
205 2639 369 2738 quomodo
395 2642 596 2716 nominetur:
628 2673 703 2716 nam
720 2662 752 2714 et
774 2649 848 2713 iliud
865 2647 1006 2729 quidem,
1033 2642 1120 2725 quod

127 2745 256 2842 quidam
272 2755 385 2821 Graeci
395 2755 583 2840 adjungunt,
596 2743 737 2818 'rectene
753 2751 873 2814 factum
889 2749 940 2822 sit,
956 2755 1059 2807 totum
1088 2743 1120 2804 in

14 2897 15 2912 κ
127 2871 234 2937 eoest,
246 2861 331 2942 quod
342 2860 436 2943 quaie
449 2859 498 2932 sir,
508 2858 688 2941 quaerimus.
733 2853 798 2917 Sed
805 2853 873 2938 jam
887 2849 929 2911 ad
942 2846 1120 2910 institutum

128 2977 397 3029 revertarmeum.
1076 2959 1077 2966 ’

171 3066 307 3132 XXVII.
332 3067 413 3128 Cdrn
429 3064 534 3148 igitur,
558 3069 695 3142 accepto
715 3075 823 3120 eausee
837 3063 998 3139 generent
1013 3050 1123 3135 cogni·

128 3183 172 3247 to,
182 3192 249 3234 rem
262 3179 401 3232 tractare
412 3168 506 3250 eoepi,
516 3164 589 3227 nitri!
601 3161 685 3246 prius
695 3159 866 3232 constituo,
878 3158 984 3240 quem,
996 3155 1071 3236 quid
1083 3154 1123 3216 sit

128 3273 215 3349 iliud,
229 3271 293 3355 qud
306 3271 380 3334 rnihi
393 3267 557 3334 reserenda
568 3266 607 3328 sit
622 3261 785 3327 omnisilia
794 3260 908 3336 oratio,
918 3256 1040 3340 quaesit
1052 3277 1123 3338 pro·

130 3375 198 3460 pria
213 3373 396 3458 quaestionis
408 3383 441 3435 ot
451 3370 561 3462 judieii
572 3365 587 3430 τ’
602 3366 719 3432 deinde
730 3363 781 3435 illa
796 3364 860 3426 duo
884 3358 1125 3444 diligentissime

130 3479 308 3550 considero,
318 3493 453 3555 quorum
469 3474 601 3538 alterum
614 3465 929 3534 commendationem
940 3462 1037 3526 babet
1053 3479 1124 3524 ues-

131 3587 408 3666 tram,autoorurn
425 3568 869 3667 quosdetendimus,alterum
880 3576 928 3632 est
940 3579 1124 3627 aoeommo·
