2400 3980
125 95 167 161 ¹²⁸
376 109 418 155 Μ
435 105 585 160 Offlors
602 95 844 164 procuremus,

158 168 162 178 ⁸
607 176 611 185 ,
707 169 820 230 [cenci
859 147 1083 265 spille'rrl'esda

126 265 316 344 terpetratus
344 254 524 335 dedidisset,
553 253 581 318 el
611 251 728 321 nullum
765 207 837 319 essi
856 210 1111 334 lposuimirdum.

127 352 237 430 Quem
263 379 429 445 possumus
453 357 588 442 reperire
614 377 653 423 ex
677 354 820 422 omnibus
843 354 935 422 rebus
959 353 1110 456 ciuilibus

127 483 256 528 ceusem
273 461 572 544 contentionemque
596 459 746 544 majorem
761 447 854 542 quern
870 458 909 520 de
925 421 1110 534 oiriin‘ei‘de

128 565 319 674 civitetqp'dp
329 563 653 676 libertetqdepepite
669 559 1002 636 hominisconsularis;
1024 582 1109 646 prae-

7 665 64 732 ⁴¹7
85 617 232 735 *selum
244 659 321 734 ‘crim
337 627 527 732 liiii‘rion'tn
539 631 668 731 cii‘iriirie
684 665 799 748 aliquo,
821 665 903 748 quod
928 664 977 728 ille
994 677 1108 748 posset

126 773 262 850 infitiari,
276 771 374 836 sedin
387 771 467 836 civili
488 771 556 858 jure
582 769 788 840 consisteret?
812 769 973 852 Similique
999 769 1029 835 in
1045 791 1106 859 ge-

128 899 214 956 nere,
226 876 369 940 inferiore
384 857 504 950 ordine,
526 875 551 938 si
570 874 639 957 quis
655 873 737 958 apud
754 894 810 936 uos
825 871 967 937 servisset
993 894 1030 936 err
1045 895 1106 960 po·

35 989 38 996 '
126 979 203 1068 pulo
214 981 378 1055 soederoto,
400 1000 531 1062 seseque
551 963 720 1054 liberdsset,
735 998 774 1041 ec
786 987 895 1066 postea
910 976 1038 1040 domum
1055 999 1106 1043 ro·

127 1083 280 1160 venisset,
301 1083 464 1167 quesitum
481 1093 528 1146 ert
543 1081 627 1168 opud
643 1080 776 1165 majores
790 1092 922 1156 nostros,
933 1102 1008 1146 num
1024 1081 1104 1151 ised

75 1257 88 1274 r
127 1208 200 1252 suos
225 1185 414 1272 postliminio
430 1187 580 1262 rediisset,
603 1184 797 1256 etamisisset
824 1183 906 1248 hanc
931 1184 1104 1252 civitatem.

83 1271 94 1296 '¹
127 1287 243 1362 Quint
266 1290 306 1354 de
332 1290 486 1368 libertate,
509 1311 572 1374 quo
585 1287 737 1374 judicium
761 1286 883 1372 gravius
898 1309 965 1353 esse
981 1289 1102 1356 nullum

127 1404 252 1484 potest3
272 1416 378 1458 nonne
404 1416 442 1458 ex
452 1395 521 1498 jure
537 1393 616 1463 civili
630 1402 735 1478 potest
750 1413 818 1456 esse
833 1391 1104 1472 .contentio,ci1m

129 1499 286 1586 quoeritur,
301 1500 336 1576 is,
344 1499 399 1588 qni
414 1499 532 1563 domini
543 1497 705 1562 voluntate
717 1519 828 1562 census
838 1497 886 1573 sit,
898 1497 1105 1584 continuone,

130 1623 171 1666 eu
183 1603 235 1665 ubi
246 1603 373 1666 lustrum
387 1603 560 1677 conditum,
570 1588 646 1665 liber
661 1601 721 1665 sill
744 1601 843 1677 Quid,
854 1600 937 1684 quod
954 1621 1021 1678 usu,
1036 1621 1104 1668 me·

130 1705 228 1770 morie
244 1723 378 1790 petrum,
392 1705 486 1781 venit,
507 1715 541 1769 ut
557 1704 789 1788 paterfamilias,
814 1704 867 1788 qui
892 1726 929 1768 en
948 1704 1106 1788 Hisponlei

91 1853 107 1872 .
131 1807 269 1872 Romam
282 1810 508 1884 venisset,ci1m
522 1829 648 1873 uxorem
666 1821 881 1894 praegnantem
897 1808 928 1872 iu
944 1808 1106 1894 provincis}

131 1911 313 1995 reliquisset,
329 1911 503 1996 Romaeque
520 1912 649 1976 alteram
665 1913 812 1989 duxisset,
829 1934 931 1996 neque
957 1912 1103 1979 nuntium

132 2015 227 2102 priori
241 2017 416 2094 remisisset,
432 2029 632 2100 mortuusque
647 2030 729 2081 esset
745 2017 902 2094 intestutd,
923 2027 956 2080 et
969 2037 1007 2080 ox
1022 2016 1106 2080 utrei·

132 2140 195 2206 que
206 2119 284 2184 filius
299 2132 391 2184 nutus
406 2132 487 2184 esset
498 2104 734 2197 {mediocrisne
749 2141 797 2184 res
811 2120 843 2182 in
858 2120 1104 2186 controversiam

133 2223 273 2288 adducta
298 2223 363 2286 estl
396 2227 468 2288 crim
494 2237 682 2308 quaereretur
701 2223 741 2286 de
763 2224 888 2288 'duobus
912 2224 1025 2290 civium
1050 2245 1106 2290 oe·

133 2326 259 2412 pltibus,
283 2339 315 2390 et
340 2327 380 2390 de
404 2348 510 2410 puero,
524 2327 577 2411 qui
603 2349 639 2391 ex
655 2327 824 2411 posteriore
849 2340 941 2392 natus
966 2339 1043 2418 eret,
1069 2340 1105 2396 et

135 2429 176 2493 de
202 2430 266 2513 ojus
292 2443 407 2492 matre:
430 2451 501 2513 quae
526 2431 550 2492 si
571 2430 772 2514 judicaretur,
798 2432 889 2495 certis
914 2431 1104 2515 quibusdem

135 2531 323 2608 verbis,n0u
348 2533 434 2596 novis
460 2533 583 2616 nuptiis,
607 2533 673 2597 fieri
696 2555 767 2598 cum
797 2536 954 2618 superiore
979 2536 1106 2602 divorti·

135 2656 200 2713 um,
225 2636 409 2700 concubinae
435 2635 539 2700 locum
553 2638 726 2704 duceretur.
752 2625 850 2702 'Heec
865 2639 966 2724 igitur,
993 2649 1024 2704 et
1049 2640 1106 2706 ho·

64 2751 77 2806 l
119 2761 203 2823 ,rum
219 2739 328 2804 similia
346 2739 414 2824 jure
430 2761 495 2804 suae
520 2741 651 2806 civitatis
676 2742 884 2826 ignorantem,
907 2755 1045 2822 erectum
1070 2758 1106 2810 et

59 2803 116 2896 lq,
135 2843 264 2921 celsum,
280 2844 374 2936 alacri
384 2855 415 2908 et
432 2856 576 2930 prompto
590 2867 644 2910 ore
660 2866 698 2910 ec
717 2845 813 2922 vultu,
834 2846 896 2910 huc
921 2829 1106 2932 etqueillue

135 2949 320 3027 intuentem,
335 2949 441 3034 vagari
459 2949 651 3034 magnicum
665 2949 789 3016 catervis
800 2963 867 3014 toto
878 2951 955 3027 loro,
970 2952 1106 3037 praesidi·

135 3071 189 3116 um
204 3049 378 3129 clientibus,
393 3066 488 3144 etque
503 3075 596 3140 opem
610 3055 726 3132 amicis,
742 3066 773 3118 et
785 3057 880 3141 prope
896 3057 1016 3122 cunctis
1032 3057 1106 3122 civi·

134 3155 194 3220 bus
207 3155 310 3239 lucem
327 3157 441 3240 ingenii
456 3171 487 3221 et
502 3158 620 3222 consilii
635 3159 681 3222 sui
692 3159 901 3243 porrigentem
928 3172 1105 3246 elqueten·

64 3341 67 3348 .
136 3257 275 3336 dentem,
290 3280 394 3324 nonne
410 3261 514 3344 primis
529 3262 717 3347 flagitiosum
742 3263 915 3350 putendum
930 3264 1000 3328 estl

23 3443 26 3451 Ι
57 3433 81 3450 γ,
121 3421 126 3436 ,
178 3357 264 3464 pm.
288 3364 328 3428 Et
344 3367 491 3449 quoniam
503 3365 543 3430 de
555 3366 748 3451 impudentis
762 3368 834 3450 dini,
845 3369 1035 3455 castigemus
1050 3369 1105 3432 eti·

105 3451 368 3553 '‘''o‘ut'segnitiem
385 3469 543 3534 hominum
561 3482 655 3556 etque
680 3471 833 3538 inertiam.
875 3473 959 3538 Nam
984 3473 1009 3538 si
1024 3487 1105 3544 esset

135 3539 196 3638 ieie
210 3573 349 3658 cognitio
370 3573 575 3662 jurismsgnn
602 3597 640 3641 ec
664 3575 815 3653 difficilis3
836 3588 943 3643 tamen
969 3576 1106 3643 utilitatis

137 3677 322 3765 magnitudo
337 3679 466 3744 deberet
488 3678 629 3745 homines
644 3681 685 3744 ed
709 3681 940 3766 suscipiendum
966 3682 1105 3750 discendi
1185 3757 1188 3765 ,
