2458 3972
138 97 199 158 stt
381 107 588 158 »rostrata
604 104 865 176 transmarus,

140 261 366 338 conficiunturr
387 281 424 326 er
437 261 498 326 bac
512 259 580 324 hnc
591 257 686 326 otiam
699 257 802 324 soluta
813 257 901 322 variis
912 255 1023 332 modis,
1035 253 1115 342 mul·
1212 231 1214 236 ¹

141 378 305 450 torumque
319 385 481 450 generum,
495 365 604 430 oratio.
648 363 720 428 Non
736 364 820 428 enim
834 372 906 426 sunt
921 360 981 426 alia
996 381 1115 426 sermo·

141 469 199 546 nis,
224 469 285 534 alia
310 469 519 534 contentionis
533 469 647 533 verba:
669 489 771 551 nequo
794 488 831 531 ex
858 465 918 530 alio
938 485 1054 550 genere
1069 464 1112 528 sd

123 615 127 622 -
142 595 231 638 usum
246 573 473 656 quotidianum,
487 573 548 638 alio
563 573 603 638 ad
616 593 743 638 scenam
759 589 971 656 pompamque
986 589 1114 632 sumun-
1206 601 1211 618 ·

143 689 210 754 tur,
231 679 286 742 sed
299 699 337 742 ea
353 698 410 740 nos
425 680 495 741 crim
518 676 658 761 jacentia
672 677 846 740 sustulimus
861 695 878 738 c
894 674 1010 749 medio,
1031 671 1115 736 sicut

144 781 356 846 mollissimam
371 799 475 846 coram
492 781 532 844 ad
548 791 686 844 nostrum
714 778 873 852 arbitrium
887 777 1061 842 formamus
1079 783 1113 840 e't

108 951 111 960 ,
144 885 297 970 fingimus.
341 884 451 966 Itaque
467 896 532 948 tum
546 905 656 968 graves
671 905 786 960 sumus,
811 894 876 947 tum
892 881 1029 956 subtiles,
1045 891 1114 943 turn

145 991 281 1055 madium
298 989 446 1070 quiddam
461 1000 622 1053 tenemus:
644 989 688 1053 sic
704 987 875 1052 institutam
891 999 1029 1050 nostram
1044 1005 1116 1048 sea-
1206 974 1211 986 ’

145 1094 276 1157 tentiam
291 1093 427 1176 sequitur
448 1091 595 1156 orationis
617 1113 735 1176 ganus3
756 1093 849 1173 idquo
864 1091 904 1162 ad
924 1109 1116 1153 omnemne·
1210 1097 1214 1146 t

145 1197 274 1273 tionem,
285 1209 318 1262 et
333 1197 450 1260 aurium
462 1196 666 1281 uoluptatem,
676 1208 708 1260 et
724 1196 898 1260 animorum
907 1203 1037 1268 motum,
1049 1211 1118 1255 mu·

146 1312 228 1366 tatur
243 1314 276 1366 ct
290 1301 425 1366 vertitur.
469 1301 544 1377 Sed,
559 1301 633 1365 utin
650 1301 805 1384 plerisque
822 1300 912 1366 rebus
931 1297 1118 1362 incredibili·

94 1457 97 1464 .
146 1418 193 1470 ter
207 1405 269 1470 hoo
281 1417 392 1476 natura
406 1416 452 1470 est
467 1406 533 1488 ipss
544 1405 716 1480 fabricata3
737 1403 781 1468 sic
797 1404 826 1468 in
842 1403 996 1478 oratione,
1016 1412 1050 1465 ut
1065 1421 1118 1478 cs,

147 1529 217 1593 quac
243 1511 410 1576 maximam
427 1509 588 1600 utilitatem
605 1509 634 1573 in
651 1529 684 1573 rc
702 1509 908 1583 continerent,
934 1508 1046 1570 eadem
1063 1507 1118 1570 ha·
1187 1592 1189 1597 s
1213 1489 1214 1534 ³

148 1614 258 1678 bercnt
273 1614 436 1698 plurimum
447 1612 499 1676 uel
511 1611 680 1698 dignitatis,
694 1613 742 1676 vel
763 1615 847 1696 saepis
863 1611 957 1675 etiam
974 1621 1120 1674 venusta·
1213 1607 1214 1622 ¹

149 1718 206 1781 tis.·
250 1716 475 1780 Incolumitatis
501 1737 539 1780 ac
565 1716 671 1780 salutis
700 1715 838 1780 omnium
858 1715 953 1780 causa
977 1716 1120 1778 videmus
1197 1699 1198 1704 ἵ

149 1820 232 1886 hunc
246 1831 362 1882 statum
376 1841 443 1882 essa
460 1819 545 1904 hujus
559 1819 653 1882 totius
679 1820 785 1884 mundi
801 1832 895 1902 atque
916 1831 1046 1894 naturae,
1070 1840 1120 1882 ro-

149 1925 279 1990 tundum
297 1935 330 1986 ut
344 1923 469 2000 coelum,
491 1935 633 2007 terraque
650 1934 683 1988 ut
703 1924 806 1988 media
831 1923 880 2000 sit,
905 1945 1005 2005 eaque
1020 1943 1076 1986 sua
1090 1924 1122 1986 vi
1165 1933 1169 1944 '

149 2038 287 2111 nutuque
309 2037 471 2104 tencatur3
491 2027 586 2090 solut
607 2027 850 2104 circumferatur,
865 2039 899 2092 ut
914 2028 1049 2092 accedat
1076 2028 1120 2091 ad

151 2132 291 2196 brumale
317 2131 450 2215 signum,
471 2141 503 2195 et
525 2129 597 2196 inde
612 2131 726 2195 sensim
741 2131 924 2195 ascendat
917 2153 947 2194 rn
963 2131 1122 2211 diversam
1205 2123 1214 2158 ⁵⁴

150 2248 290 2322 parterm
310 2247 345 2299 ut
371 2236 442 2300 luna
458 2257 586 2300 accessu
603 2246 634 2300 ct
649 2256 773 2300 recessu
787 2256 843 2299 suo
859 2234 929 2298 solis
945 2235 1050 2298 lumen
1068 2257 1123 2299 ac·

152 2340 266 2425 cipiet,
287 2353 320 2403 ut
345 2340 458 2404 eadem
482 2339 584 2424 spatia
599 2339 735 2423 quinquo
761 2339 857 2404 stallae
882 2339 997 2423 dispari
1023 2353 1125 2416 motu,

84 2491 92 2513 ι
153 2463 306 2524 cursuque
321 2443 499 2508 conficiant.
543 2443 623 2508 Haee
634 2455 755 2508 tantam
772 2445 890 2508 babent
904 2443 976 2521 vim,
991 2455 1025 2516 ut
1047 2464 1126 2528 pau·

152 2547 215 2612 liam
231 2545 395 2611 immutata
420 2547 576 2612 cohaerere
593 2569 655 2613 non
671 2549 808 2636 possiam
830 2561 950 2613 tantam
978 2548 1127 2633 pulcritu-

109 2737 113 2748 Ι
153 2651 269 2729 dinem,
294 2663 327 2714 ut
349 2651 432 2716 nulla
446 2649 566 2736 specics
582 2673 621 2716 ne
637 2651 809 2736 excogitari
823 2653 949 2734 quidem
965 2653 1061 2736 possit
1076 2674 1127 2716 or·
1213 2687 1214 2724 r

154 2757 263 2822 natior.
308 2755 435 2821 Referte
450 2779 533 2821 nunc
549 2757 685 2821 animum
702 2759 742 2821 ad
766 2757 935 2834 hominum,
960 2757 1122 2824 ueletiam

155 2873 339 2958 caeterarum
365 2861 579 2938 animantium,
609 2861 739 2926 sormam
767 2873 799 2926 ct
821 2863 971 2946 liguram·
1005 2862 1126 2929 nullam
1213 2909 1214 2926 r

156 2949 277 3047 partem
294 2965 430 3048 corporis
446 2965 511 3028 sine
527 2963 629 3046 aliqua
644 2956 830 3031 necessitate
847 2965 998 3043 affictam,
1012 2976 1130 3031 totam·

155 3089 216 3151 que
228 3068 359 3132 sormam
375 3089 462 3150 quast
454 3067 649 3152 perfectam
662 3070 819 3154 reperietis
832 3081 909 3145 arte,
921 3093 982 3134 non
997 3092 1083 3136 casu.

198 3172 313 3238 XLVI.
337 3172 423 3242 Quid
439 3172 470 3236 in
485 3174 656 3251 arboribus,
667 3173 697 3236 in
710 3173 826 3256 quibus
836 3195 898 3238 non
911 3186 1048 3252 truncus,
1064 3197 1131 3242 non

157 3277 245 3354 rami,
260 3298 323 3341 non
338 3275 411 3340 solia
435 3287 506 3340 sunt
531 3277 676 3360 denique,
691 3276 747 3340 nisi
762 3277 802 3340 ad
818 3297 907 3342 suam
932 3280 1132 3346 retinendam

145 3363 466 3461 'conservandamque
490 3380 656 3444 naturam?
678 3400 832 3464 nusquam
857 3393 964 3448 tamen
990 3396 1038 3448 est
1066 3385 1134 3450 ulla
1213 3367 1214 3440 i

159 3503 242 3568 pars,
256 3482 312 3546 nisi
327 3495 464 3546 venusta.
507 3483 700 3567 Linquamus
714 3496 868 3562 naturam,
888 3497 1034 3572 artesque
1047 3489 1134 3554 ride·
1213 3487 1214 3492 ’

160 3605 258 3651 amus.
301 3584 388 3657 Quid
399 3598 462 3650 tam
475 3586 505 3649 in
520 3587 646 3672 navigio
668 3589 890 3666 necessarium,
904 3591 997 3674 qnam
1019 3590 1135 3673 latera,
