2466 3966
25 2163 27 2244 l

339 97 383 146 nc
406 99 560 144 cranone
585 61 684 147 arnan
707 103 887 152 securene.
912 106 925 167 j
1026 59 1113 150 ¹lod

97 243 200 310 utne
215 243 287 328 quie
303 244 382 314 alius
398 246 494 322 adsit,
507 248 573 329 qud
586 246 887 332 liberirle'lcquetur,
901 261 1044 338 elegere
1058 251 1113 316 ud·

25 359 26 376 ¹
98 348 236 412 versarii
250 369 397 420 caueam,
413 359 447 411 ut
459 348 511 412 ille
526 360 603 432 agat
618 371 720 426 suem,
735 363 778 427 et,
791 352 942 434 quidquid
956 356 996 420 de
1008 354 1065 418 eud
1079 375 1112 418 re

91 449 272 534 cogitabit,
287 449 318 512 in
334 450 477 514 medium
487 452 637 534 proferat.
682 452 797 535 Itaque
809 457 883 518 edm
896 456 947 519 ille
958 457 1113 533 discessit,

100 563 173 620 tres
184 572 337 638 personas
347 544 427 615 unue
437 554 578 618 sustineo
587 554 812 618 summdanimi
825 557 985 637 aequitate,
994 579 1113 636 meam,

102 655 295 729 adversarii,
313 654 438 737 judicie.
483 654 551 724 Qui
572 656 664 720 locus
685 668 734 720 est
752 659 834 734 talis,
857 669 891 722 ut
907 659 977 742 plue
992 659 1113 725 lrabeat

102 756 286 841 adjumenti
301 759 396 837 quern
415 757 621 842 incommodi,
633 759 718 824 hunc
725 760 836 842 judico
846 761 1114 846 essedicendumt

103 859 166 926 ubi
176 861 248 943 plue
260 859 336 936 mali
348 861 444 941 quern
456 859 532 924 boni
545 861 679 943 reperi0,
694 861 725 925 id
738 873 842 928 totum
854 827 1111 948 abj'rldico'²atque

104 961 214 1047 ejicio.
251 961 302 1048 lta
313 983 474 1045 assequor,
483 973 518 1025 ut
528 961 742 1047 aliotempore
751 967 903 1050 cogitem,
912 967 1113 1048 quiddicam,
1164 1042 1166 1047 .

104 1077 140 1130 et
157 1064 222 1128 alio
234 1063 356 1128 dicam:
380 1085 451 1145 quae
463 1065 527 1128 duo
540 1064 682 1148 plerique
694 1067 824 1150 ingenio
837 1069 918 1145 sreti,
932 1050 1023 1134 siniul
1036 1069 1112 1132 saci·

104 1178 181 1232 unt:
205 1169 262 1231 sed
273 1171 358 1232 certe
369 1168 466 1234 iidem
476 1167 515 1231 illi
526 1166 637 1235 melius
648 1167 812 1250 aliquanto
824 1171 979 1247 dicerent,
990 1171 1016 1234 si
1026 1171 1111 1234 aliud

105 1270 301 1336 sumendum
323 1270 382 1336 sibi
404 1281 530 1354 tempus
551 1271 591 1334 ad
605 1271 824 1356 cogitandum,
849 1273 934 1336 aliud
950 1275 991 1338 ad
1004 1275 1112 1338 diceu-

107 1375 189 1438 dum
204 1384 365 1457 putarent.

153 1477 238 1540 Cum
254 1497 321 1540 rem
336 1460 673 1560 penitds'causanique
689 1479 837 1562 cognovi,
852 1477 960 1542 statim
969 1479 1111 1542 occurrit

109 1579 231 1656 animo,
246 1600 317 1660 quae
333 1581 371 1643 sit
386 1576 486 1644 causa
499 1571 649 1662 ambigui,
695 1580 782 1644 Nihil
794 1592 842 1646 est
854 1581 951 1658 enim,
967 1581 1053 1663 quod
1066 1581 1112 1644 in·

108 1694 159 1747 ter
171 1681 317 1748 homines
330 1683 520 1766 ambigatur,
535 1681 599 1746 sive
615 1703 657 1748 ex
669 1683 800 1749 crimine
813 1705 912 1748 cauea
924 1672 1061 1759 constet,
1075 1693 1111 1747 ut

108 1785 271 1860 facinoris,
286 1785 350 1854 sive
366 1805 404 1849 ex
420 1786 645 1866 controversie,
660 1797 695 1850 ut
710 1787 905 1864 hereditatis,
919 1789 985 1851 sive
1000 1808 1042 1850 ex
1056 1787 1111 1850 de·

108 1887 309 1964 liberatione,
329 1898 364 1950 ut
384 1887 468 1963 belli,
488 1887 553 1952 sive
574 1910 613 1952 ex
635 1889 780 1971 persone,
796 1893 836 1952 'ut
856 1889 969 1966 leudis,
989 1889 1054 1952 sive
1071 1907 1110 1952 en

110 1990 339 2072 disputatione,
354 2001 387 2055 ut
403 1990 444 2053 de
456 1990 579 2053 ratione
592 1989 733 2065 vivendi3
755 1978 789 2052 in
799 2011 862 2071 quc
875 2012 951 2066 non,
967 2001 1022 2052 aut
1034 1989 1110 2070 quid
1207 2036 1208 2040 ,

110 2094 232 2158 sactum
245 2093 295 2168 sit,
309 2102 364 2156 uut
376 2093 443 2168 fiat,
455 2091 632 2160 futurumve
643 2091 693 2168 sit,
706 2102 877 2176 quaeratur,
889 2077 1049 2171 aut'quale
1061 2090 1112 2166 sit,

113 2207 170 2262 aut
184 2196 259 2276 quid
271 2206 412 2260 vocetur.

155 2295 259 2364 XXV.
284 2299 333 2362 Ac
349 2308 466 2362 nostrae
481 2299 545 2386 fere
558 2319 676 2374 causoe,
690 2319 762 2380 quae
778 2295 907 2381 quidem
923 2307 996 2362 sunt
1008 2296 1110 2362 crimi-

113 2399 201 2478 uum,
225 2402 410 2485 plerumque
434 2397 629 2466 inficiatione
650 2402 872 2484 defenduntur.
917 2401 1004 2466 Nam
1021 2401 1110 2466 etde
1207 2437 1208 2442 κ

114 2505 256 2590 pecuniis
280 2505 571 2593 repetendaque
603 2504 752 2568 maximae
773 2516 857 2582 sunt,
880 2507 1031 2590 neganda
1046 2505 1110 2572 ferd

115 2621 187 2674 eunt
203 2609 335 2690 omnia:
352 2620 385 2672 et
400 2609 440 2672 de
457 2608 579 2672 ambitu
583 2609 673 2688 ,rard
688 2607 762 2671 illud
785 2610 890 2685 datur,
904 2621 940 2671 ut
962 2609 1063 2692 possis
1078 2607 1111 2670 li·

116 2703 314 2778 beralitatem
331 2733 370 2776 ac
385 2694 617 2794 benignitatem
634 2711 677 2774 ab
692 2711 814 2775 ambitu
831 2722 927 2790 atque
943 2711 1111 2794 largitione

25 2879 26 2882 ,
118 2817 301 2901 sejungere:
325 2816 366 2878 de
381 2814 511 2888 sicariis,
527 2813 568 2876 de
583 2813 757 2889 veneficiis,
770 2814 812 2878 de
835 2811 997 2894 peculatu,
1014 2812 1112 2876 infici·

118 2921 161 3004 ari
176 2939 306 2982 necesse
319 2929 376 2982 est.
421 2916 458 2980 Id
474 2925 523 2980 est
548 2913 642 2998 igitur
664 2937 765 2998 genus
781 2915 918 2998 primum
941 2935 1111 2980 causarum

118 3024 148 3090 in
170 3022 305 3107 judiciis,
331 3043 369 3084 ex
395 3018 608 3085 controversia
635 3018 721 3083 lacti.
766 3018 804 3082 ln
829 3018 1111 3084 deliberationibus

25 3105 53 3168 κ’
120 3126 302 3209 plerumque
318 3146 357 3189 ex
373 3123 477 3199 futuri,
492 3122 562 3186 rard
585 3122 683 3198 etiam
707 3122 920 3199 minitantis,
945 3132 999 3186 aut
1025 3121 1112 3188 sacti.
1206 3191 1208 3196 ,

25 3203 26 3248 l
121 3229 211 3312 Saepe
224 3239 331 3290 autern
341 3249 391 3290 res
406 3248 482 3302 non,
497 3226 547 3302 eit,
561 3247 675 3301 necne,
690 3226 747 3288 sed
762 3226 863 3311 qualis
878 3226 928 3299 eit,
943 3225 1091 3305 queritur
1104 3242 1111 3286 :
1126 3313 1128 3316 Ι

25 3343 26 3384 l
122 3343 154 3400 ut
165 3335 236 3396 clim
250 3331 287 3394 L.
301 3317 567 3412 Opimii'eausenr
578 3328 774 3392 defendebat
787 3330 870 3411 apud
885 3328 1048 3411 populum,
1060 3349 1113 3393 eu·

122 3436 228 3500 diente
248 3455 310 3507 me,
336 3433 373 3496 C.
394 3433 501 3497 Carbo
517 3432 639 3508 consul,
665 3429 739 3494 nihil
754 3432 796 3494 de
821 3431 858 3494 C.
875 3431 1015 3496 Gracchi
1032 3453 1112 3496 nece

123 3536 271 3621 negabat,
284 3536 340 3600 sed
356 3535 385 3597 id
398 3535 479 3618 jure,
491 3558 548 3620 pro
558 3535 660 3604 salute
677 3534 799 3620 patriae,
809 3533 930 3602 facturn
943 3555 1013 3601 esse
1028 3533 1113 3600 dice·
