2466 3966
127 128 186 198 lto
349 143 392 190 1111
415 145 569 190 oarroar
593 141 691 190 11111111
715 141 895 192 secernas.
1000 145 1006 148 ·

122 289 287 354 abundent
299 291 488 376 philosophi,
503 292 567 375 qui,
582 302 617 358 ut
629 293 742 376 opinor
754 293 824 375 (aad
842 302 874 356 tu
892 293 973 372 haeo,
989 292 1119 369 Catule,

121 393 246 476 melius)
262 395 439 460 uulladant
450 406 613 480 praecepta
624 396 772 470 dicendi3
792 417 854 460 nee
871 394 990 459 idciroo
1002 395 1118 471 minis-s,

119 513 320 584 quaeeunque
344 517 393 561 res
420 496 1117 647 11101101111111,111111ρ111111,(11111111ορ1-

119 599 173 662 ose
190 609 222 661 et
238 598 439 663 abundanter
453 601 633 681 loquantur.
1205 651 1210 670 .

161 699 315 766 XXXVI.
339 701 425 764 Tum
439 701 584 778 Catulus,
608 699 680 777 Est,
690 700 801 782 inquit,
827 702 968 778 utdicis,
982 699 1116 778 Xntoni‚

117 814 152 867 ut
163 805 304 888 plerique
319 803 498 886 philosophi
511 803 597 867 nulla
611 804 740 867 tradant
752 816 915 888 praenepta
930 804 1068 882 dicendi,
1081 816 1114 869 et

117 907 258 971 habeant
275 918 421 989 paratum
435 918 555 981 tamen,
567 906 642 989 quid
651 907 694 970 de
706 906 833 988 quaque
846 929 878 972 re
891 908 1010 972 dieunt.
1046 908 1113 972 Sed

116 1005 313 1083 Aristoteles,
330 1007 381 1090 (is,
407 1029 501 1091 quem
518 1007 656 1072 maxime
678 1029 741 1092 ego
767 1004 931 1085 admirata)
949 1010 1114 1092 proposuit

114 1111 272 1194 quosdam
295 1111 394 1186 locos,
419 1133 457 1175 ex
483 1111 598 1194 quibus
624 1101 727 1174 omnis
753 1112 932 1194 argumenti
959 1111 1019 1188 via,
1046 1131 1110 1174 nnn

115 1213 212 1279 moda
229 1213 269 1278 ad
287 1213 546 1298 philosophorum
573 1215 834 1298 disputationem,
860 1215 915 1277 sed
943 1215 1041 1277 etiam
1068 1216 1109 1277 ad

114 1319 211 1395 hane,
227 1316 289 1399 qufi
298 1315 330 1380 111
354 1316 458 1380 causis
485 1318 611 1393 utimur,
626 1315 835 1380 inveniretur:
859 1337 958 1398 aquo
980 1315 1110 1399 quidem

38 1453 53 1467 -
113 1419 242 1486 homine
254 1421 457 1506 jamdudum,
472 1420 603 1496 Antoni,
619 1441 683 1484 non
700 1419 828 1484 aberrat
843 1420 945 1482 oratio
959 1431 1026 1494 tua,
1037 1419 1109 1496 sive

113 1535 147 1587 tu
159 1521 362 1587 slmilitudine
378 1523 457 1585 illius
471 1521 569 1586 divini
583 1523 701 1606 ingenii
717 1522 749 1585 in
764 1523 878 1585 eadem
896 1522 1026 1586 incurris
1043 1543 1110 1585 ves·

73 1679 77 1686 .
112 1625 201 1708 ligia,
226 1627 291 1688 sive
318 1624 415 1687 etiarn
430 1625 484 1694 illa
510 1624 580 1706 ipsa
605 1624 708 1706 legisti
724 1635 820 1704 atque
843 1623 999 1699 didicisti3
1021 1627 1107 1704 quod

112 1723 241 1808 quidem
257 1723 361 1808 magis
377 1724 543 1788 verisimile
558 1724 690 1788 videtur.
736 1724 809 1786 Plus
836 1726 922 1788 enim
943 1737 974 1788 te
999 1747 1107 1809 operae

111 1826 233 1893 Graeeis
248 1826 376 1890 dedisse
383 1827 475 1890 rebus
491 1827 594 1901 rideo,
606 1827 702 1906 quarn
717 1825 908 1908 putaremus.
943 1827 1029 1890 Tum
1045 1829 1108 1906 ille,

110 1931 239 2006 Verum,
262 1929 373 2011 inquit,
387 1949 426 1992 ex
442 1929 493 1992 me
510 1929 630 2003 audies,
652 1928 786 1992 Catule:
809 1949 935 2012 semper
950 1951 1012 2013 ego
1027 1932 1106 1995 exis·

110 2033 229 2111 timavi,
251 2033 473 2118 jucundiorem
490 2042 522 2097 et
538 2031 784 2115 probabiliorem
800 2029 873 2095 huie
899 2033 1019 2115 populo
1035 2055 1105 2098 ora·

109 2148 211 2200 torem
228 2135 305 2212 fore,
320 2134 374 2217 qui
389 2135 525 2223 primum
538 2136 633 2217 quam
646 2134 810 2198 minimam
824 2134 948 2198 artificii
960 2135 1103 2220 alicujus,
1211 2151 1225 2170 *

108 2239 224 2304 deinde
241 2239 358 2302 nullam
382 2239 569 2302 Graecarum
585 2256 689 2302 rerum
710 2235 978 2320 significationem
992 2239 1102 2304 daret:
1153 2233 1160 2236 ’

83 2357 86 2362 '
107 2351 203 2423 atque
218 2361 281 2425 ego
307 2342 392 2404 idem
419 2341 605 2416 existimavi,
621 2341 752 2424 pecudis
768 2362 837 2404 esse
864 2361 927 2404 nou
953 2341 1101 2418 hominis,

57 2465 60 2469 ·
106 2445 180 2508 crim
197 2453 303 2506 tantas
318 2443 485 2506 resGraeci
496 2443 945 2526 susciperent,profiterentur,
956 2453 1109 2528 agerent,¹

104 2563 238 2626 seseque
253 2554 286 2607 et
301 2544 428 2607 videndi
443 2565 492 2607 res
508 2545 758 2619 obscurissimas,
769 2556 802 2609 et
816 2546 900 2610 bene
915 2546 1051 2623 vivendi,
1067 2561 1099 2612 et

103 2647 232 2731 copiose
245 2643 374 2710 dieendi
388 2644 544 2727 rationem
561 2646 740 2709 homiuibus
756 2649 886 2726 daturos
913 2649 1113 2732 pollicarem.
1224 2643 1225 2662 ³

103 2761 162 2828 tur,
179 2767 243 2814 non
271 2750 441 2813 admovere
458 2767 579 2824 aurem,
593 2759 636 2825 et,
651 2749 675 2812 si
692 2748 800 2832 palam
817 2751 926 2814 audire
950 2773 1006 2816 eos
1032 2771 1098 2816 non

103 2853 248 2930 auderes,
260 2873 300 2918 ne
317 2853 474 2916 minueres
485 2853 572 2936 apud
583 2864 654 2915 tuos
665 2852 750 2917 cirea
763 2856 986 2918 auctoritatem
998 2867 1098 2933 tuam,

101 2954 375 3020 subauscultando
390 2965 499 3019 tamen
515 2956 662 3038 excipere
678 2977 773 3020 voees
788 2976 909 3032 eorum,
927 2969 960 3020 et
975 2959 1097 3040 procul,

101 3055 176 3140 quid
189 3067 364 3132 narrarent,
377 3059 558 3122 attendere:
580 3057 907 3140 itaquetentantes,
920 3069 952 3122 et
964 3059 1095 3124 istorum

100 3160 243 3232 omnium
257 3160 441 3223 summatim
456 3145 570 3226 causas
584 3173 618 3226 et
629 3183 749 3246 genera
760 3162 829 3244 ipsa
844 3163 979 3246 gustavi.

143 3259 313 3326 XXXVII.
337 3261 450 3339 Valde,
465 3263 603 3350 hercule,
619 3264 717 3344 inquit
732 3263 875 3342 Catulus,
890 3266 1012 3344 timide,
1025 3282 1095 3334 tan·

99 3366 254 3450 quemad
271 3365 409 3446 aliquem
423 3365 559 3432 libidinis
579 3365 757 3449 scopulum,
777 3369 823 3432 sia
842 3371 931 3434 tu'am
952 3385 1093 3438 mentem

99 3469 140 3532 ad
161 3467 394 3552 philosophiam
415 3467 574 3552 appulisti,
594 3489 690 3551 quam
709 3470 779 3536 haeo
793 3473 905 3539 civitas
920 3489 1093 3558 aspernata

97 3587 262 3654 nunquam
276 3579 333 3634 ast.
378 3569 465 3634 Nam
476 3582 509 3636 et
520 3567 635 3653 referta
648 3575 811 3654 quondam
824 3577 918 3642 Italia
929 3576 1092 3670 Pythago·
