2400 3980
147 90 189 150 60
396 107 438 150 cc
453 103 603 150 carrona
624 103 721 154 arasa
737 103 865 146 aarum.

148 255 253 322 culum
265 263 384 338 putent,
395 263 449 318 aut
463 251 584 318 etiamsi
598 251 688 340 valde
699 250 996 337 probentingenium
1012 260 1128 316 orato-

148 359 199 436 ris,
212 357 395 443 sapientiam
406 357 605 434 admirentur,
619 377 652 420 se
661 377 729 420 ese
737 355 846 424 stultos
855 356 984 421 moleste
999 355 1131 428 ferente

88 445 90 452 ’
148 462 204 528 sed
231 462 274 526 ita
289 473 435 546 peragrat
449 482 503 546 per
518 459 639 524 animos
653 459 823 536 homiuum,
842 460 886 524 ita
906 481 1014 528 sensus
1029 479 1128 522 men-

149 577 258 650 tesque
273 575 453 649 pertractat,
474 573 508 629 ut
525 585 588 630 non
610 563 765 628 desideret
788 563 1039 648 pbilosophorum
1063 563 1128 628 de·

149 670 337 754 scriptiones,
352 689 458 758 neque
469 667 611 751 exquirat
630 665 779 744 oratione,
793 687 948 748 summurn
969 666 1043 731 illud
1062 665 1127 730 bo·

149 793 223 838 oum
245 773 277 836 in
301 771 449 836 animone
467 771 515 848 sit,
530 792 570 835 an
592 770 622 834 in
645 788 794 854 corpore:
816 771 926 836 virtute
948 793 989 840 an
1011 769 1127 854 volup·

148 876 400 946 tatedefiniatur:
423 897 463 940 an
474 875 542 940 brec
553 873 670 941 intersc
675 875 764 961 jungi
772 875 972 958 copularique
983 874 1127 959 possint;

150 1003 191 1046 an
206 981 289 1056 verb,
300 992 335 1044 ut
348 979 533 1063 quibusdam
543 977 734 1056 virum,nihil
745 990 865 1044 certum
875 978 954 1055 tciri,
968 978 1042 1042 nihil
1054 977 1128 1062 pla·

150 1088 189 1150 ne
204 1084 355 1168 cognosci
365 1093 397 1148 et
411 1082 527 1168 percipi
537 1083 647 1168 possit:
669 1104 798 1166 quarum
809 1103 910 1148 rerum
922 1083 1126 1168 fatcor‘mag-

149 1209 236 1264 nam,
247 1187 508 1272 multiplicemque
523 1208 590 1251 esse
602 1185 813 1270 disciplinam:
835 1197 867 1251 et
879 1186 1002 1264 multas,
1013 1187 1125 1271 copio-

150 1315 211 1370 sas,
225 1292 387 1377 variasque
401 1291 555 1368 rationes,
575 1292 630 1354 sed
646 1291 727 1354 aliud
743 1291 902 1374 quiddam,
916 1291 1008 1376 longe
1024 1290 1125 1368 aliud,

150 1396 462 1480 erasse-querimus.
506 1394 609 1459 Acuto
622 1394 747 1458 bomine
759 1395 847 1460 nobis
859 1417 937 1479 opus
949 1406 1006 1472 est,
1020 1405 1052 1459 et
1063 1417 1124 1460 na-

98 1545 103 1560 .
149 1501 217 1566 turb
239 1523 360 1586 usuque
375 1498 499 1574 callido,
513 1497 566 1581 qui
581 1498 737 1582 sagaciter
761 1499 959 1583 pervestiget,
980 1498 1055 1582 quid
1070 1501 1123 1564 sui

150 1606 233 1672 cives
247 1605 329 1688 iique
356 1603 506 1676 homines,
528 1602 638 1684 quibus
654 1602 768 1686 aliquid
782 1603 917 1668 dicendo
929 1603 1121 1687 persuadere

150 1709 233 1785 velit,
246 1709 400 1792 cogitent,
414 1706 559 1781 sentiant,
574 1705 748 1788 opinentur,
758 1718 949 1791 exspectent.

192 1813 262 1878 LII.
285 1812 411 1876 Teneat
437 1819 561 1894 oportet
575 1829 668 1872 venas
692 1809 841 1894 cujusque
856 1812 988 1896 generis,
1004 1813 1121 1889 aetatis,

152 1917 277 1994 ordinis,
290 1928 323 1982 et
337 1936 456 1991 eorum,
480 1913 563 1998 apud
576 1935 653 1997 quos
663 1913 775 1996 aliquid
801 1917 875 2000 agit,
891 1927 944 1982 aut
959 1918 1016 1982 crit
1032 1929 1120 1982 actu-

151 2042 212 2099 rus,
226 2032 358 2096 urentes,
373 2039 542 2099 sensusque
560 2019 718 2100 degustet:
741 2019 993 2104 philosophorum
1010 2035 1118 2100 autem

150 2123 244 2190 libros
269 2135 405 2190 reservet
420 2122 478 2187 sibi
493 2121 532 2186 ad
558 2121 770 2205 hujuscemodi
792 2123 965 2190 Tusculani
979 2127 1116 2209 requiem

152 2239 246 2314 atque
260 2229 369 2304 otium,
390 2249 442 2304 ne,
456 2225 621 2308 siquando
636 2225 666 2290 ei
680 2225 845 2292 dicendum
861 2229 918 2294 erit
943 2231 983 2294 de
1000 2229 1120 2315 justitia

86 2321 89 2326 ¹
151 2343 184 2396 et
197 2334 269 2410 lide,
292 2343 449 2396 mutuetur
464 2351 483 2394 a
498 2329 648 2407 Platone3
669 2331 730 2413 qui,
744 2334 816 2396 cunr
830 2332 899 2398 haec
913 2336 1118 2419 exprimenda

151 2434 251 2498 verbis
266 2434 476 2510 arbitraretur,
488 2454 601 2496 novam
617 2435 775 2516 quandam
801 2437 888 2502 finxit
902 2438 932 2502 in
947 2437 1030 2502 libris
1045 2439 1118 2502 civi-

151 2546 268 2600 tatem:
290 2558 389 2620 usque
410 2539 448 2600 eo
467 2535 527 2612 illa,
553 2536 770 2626 quaedicenda
784 2541 824 2604 de
840 2541 955 2626 junius
971 2542 1117 2625 putabat,

153 2637 254 2704 avita
263 2639 499 2716 consuetudine,
510 2651 541 2703 et
554 2661 572 2702 a
584 2639 739 2706 civitatum
751 2643 884 2709 moribus
895 2644 1115 2713 abhorrebant.

153 2743 287 2816 Quodsi
302 2767 341 2809 ea
356 2746 561 2830 probarentur
579 2744 609 2810 in
626 2746 745 2830 populis
761 2760 854 2830 atque
874 2749 905 2814 in
920 2751 1117 2828 civitatibus;

152 2849 219 2932 quir
234 2849 299 2926 tibi,
315 2851 437 2925 Crasse,
452 2849 667 2928 concessisset,
681 2851 849 2918 clarissimo
860 2853 935 2930 viro,
949 2865 981 2918 et
993 2854 1115 2938 amplis·

151 2951 230 3016 simo
239 2953 371 3037 principi
386 2954 527 3030 civitatis,
537 2965 570 3018 ut
581 2953 632 3018 illa
643 2956 762 3020 diceres
772 2957 802 3022 in
812 2957 947 3022 maxima
961 2960 1115 3026 concione

151 3066 275 3120 tuorum
301 3057 423 3133 civium,
447 3077 517 3139 quae
542 3057 665 3124 dixisti?
687 3083 817 3126 sarrire
833 3085 891 3126 uos
907 3085 947 3128 nx
962 3085 1116 3142 ursanus,

151 3181 283 3226 careres
299 3182 357 3224 uos
373 3183 414 3226 ax
430 3183 589 3226 nuncians
608 3186 728 3242 soson,
753 3187 885 3236 ouoaou
912 3190 1112 3234 cauosnrsss

151 3285 275 3349 uesano
292 3287 452 3329 sarsurus
476 3287 538 3330 rou
551 3289 669 3334 rossan
684 3289 843 3334 curnem:
864 3293 983 3337 nomas
1000 3295 1112 3338 arunas

150 3389 209 3433 sos
236 3391 382 3440 cursura
409 3392 557 3446 ssavrss,
582 3393 647 3436 rust
673 3394 766 3436 vosrs
787 3397 969 3452 uurvsasrs,
994 3397 1112 3446 cursus

112 3493 116 3502 ·
150 3493 191 3536 s‘r
207 3495 369 3538 sassones
386 3496 425 3537 er
441 3483 600 3539 essenus.
643 3475 765 3541 Omitto
775 3477 925 3558 miserias,
948 3481 978 3544 in
995 3479 1114 3564 quibus,

151 3587 184 3642 ut
198 3577 239 3642 illi
255 3577 351 3657 aiunt,
366 3577 409 3642 vir
425 3577 586 3644 fortisesse
600 3599 664 3646 non
675 3591 798 3666 potest;
818 3585 929 3650 omitto
935 3587 1062 3672 fauces,
1076 3608 1112 3652 er
