2400 3980
315 159 472 305 ff
421 157 570 214 onerosa
593 157 689 200 cisen
712 159 840 204 esrrcs.
1042 147 1082 205 67

375 265 446 313 u

115 303 288 390 patrimonii
303 229 587 392 mopudbelffiui,
601 307 698 389 quid
691 327 722 370 ro
737 307 788 372 illa
802 329 908 386 causa,
922 313 996 376 crim
1009 331 1084 376 cou-

115 422 205 475 trare
231 409 361 486 diceret,
387 411 499 488 attulit,
524 413 605 494 quod
626 411 699 476 de
687 433 756 496 Jure
782 410 863 475 civili
888 413 1085 497 depromtum

30 527 31 532 ’
113 515 282 578 ridereturl
306 533 401 596 quam
410 513 513 599 legem
524 513 688 604 recitauitl⁸
699 515 772 596 quid
783 516 1085 598 patefecitdicendo,

113 619 196 700 quod
210 617 318 682 fuisset
332 617 481 708 imperitis
496 618 671 682 occultius?
694 639 807 702 nempe
823 619 887 704 ejus
902 624 1001 684 omnis
1019 643 1087 688 ora-

113 722 153 787 tio
168 735 291 786 versata
306 721 399 806 estin
414 743 464 799 eo,
479 735 513 787 ut
526 724 676 806 scripturn
692 723 856 807 plurimum
870 724 972 788 valere
995 747 1086 809 opor-

114 840 174 892 tere
186 826 380 924 defenderet.
400 825 402 830 ’
425 827 467 890 At
479 825 510 890 in
522 826 583 904 boc
595 847 711 910 genere
724 826 811 910 pueri
826 829 909 911 apud
922 827 1086 914 magistros

18 1007 21 1018 Ι
116 943 297 996 exercentur
313 951 432 1008 omnes,
457 933 530 994 clun
544 929 574 992 in
594 929 749 1014 ejusmodi
776 933 878 1016 causis
894 931 968 996 aliis
993 933 1100 1018 scrin·

52 1063 54 1068 ·
115 1046 187 1111 turn,
198 1033 275 1098 'elide
287 1033 478 1115 equitatem,
490 1033 658 1098 defendere
669 1035 831 1100 docentur.
876 1036 1087 1114 Etoredodn

114 1136 159 1202 illd
175 1137 278 1202 militis
294 1136 399 1212 causa,
423 1137 450 1201 si
476 1150 509 1201 tu
525 1149 579 1202 aut
599 1137 756 1202 haeredem
772 1150 825 1202 sut
840 1139 969 1204 militem
983 1141 1088 1208 deleu-

11 1272 21 1300 ι
114 1243 219 1318 disses,
235 1243 274 1304 ad
292 1240 484 1306 Hostilianas
500 1256 531 1305 te
552 1241 704 1317 actiones,
731 1263 794 1306 non
811 1243 851 1306 sd
867 1256 953 1308 tuum
980 1247 1041 1310 vim
1056 1259 1088 1314 et

115 1345 281 1410 oratoriam
296 1345 490 1421 fucultatem,
515 1343 719 1411 contulisses:
743 1357 776 1408 tu
793 1346 876 1423 verb,
890 1348 938 1411 vel
956 1349 983 1412 sl
997 1363 1089 1417 testa·
1131 1408 1153 1436 '7

117 1463 256 1514 mentum
270 1449 465 1524 defenderes,
486 1446 531 1512 sic
547 1469 667 1530 ageres,
681 1459 715 1510 ut
732 1467 825 1512 omne
840 1451 980 1516 omniurn
994 1464 1088 1520 testa·

13 1564 16 1586 ³
116 1567 290 1619 mentorum
311 1553 361 1635 jus
376 1553 406 1615 in
433 1573 472 1616 eo
494 1551 611 1636 judicio
638 1552 773 1634 positum
796 1553 968 1632 videretur3
989 1557 1038 1622 vel
1062 1560 1088 1624 si

115 1677 245 1723 causam
260 1678 369 1740 ageres
384 1653 497 1731 militis,
523 1669 646 1738 petrem
661 1656 736 1739 ejus,
754 1669 787 1719 ut
801 1657 892 1734 soles,
917 1659 1054 1726 dicendo
1069 1683 1089 1728 a

17 1847 19 1858 ,
117 1764 243 1826 mortuis
269 1761 452 1826 excitasse:
475 1761 634 1824 statuisses
660 1773 732 1824 onte
756 1760 882 1826 oculos:
905 1765 1089 1850 complexus

117 1879 197 1931 esset
213 1865 317 1941 filium,
343 1865 482 1945 fletusque
498 1884 569 1928 eum
593 1865 791 1928 centumviris
817 1869 1087 1936 commendasset:

118 1970 246 2055 lapides,
263 1968 451 2043 mehercule,
467 1987 576 2032 omnes
601 1967 675 2031 llere
692 1989 730 2032 uc
748 1968 911 2034 lamentari
926 1973 1090 2055 coegisset,

118 2087 151 2139 ut
166 2088 265 2139 toturn
281 2073 364 2148 illud,
379 2094 435 2136 um
452 2093 573 2134 cincus
588 2093 828 2148 nuucueusssr,
844 2075 952 2138 nonin
968 2075 1033 2140 XII
1045 2089 1090 2142 ts·
1122 2137 1126 2144 .

118 2179 205 2255 bulis,
231 2190 362 2259 questu
387 2175 532 2239 omnibus
558 2173 751 2238 bibliothecis
778 2177 953 2260 antepouis,
977 2180 1031 2244 sed
1057 2181 1089 2246 in

120 2283 257 2368 magistri
272 2281 410 2346 carmine
422 2280 572 2362 scriptum
586 2279 747 2343 videretur.

161 2386 276 2451 LVIII.
300 2385 383 2448 Nam
400 2383 484 2466 qudd
509 2382 651 2446 inertiam
678 2403 808 2448 accusas
834 2387 1091 2471 adolescentium,

119 2491 172 2574 qui
187 2493 277 2554 istam
294 2502 403 2561 artem,
419 2479 998 2572 p1·irni1ml“acillimsm,'nonediscant,
1019 2516 1090 2578 quae

70 2655 72 2658 .
119 2597 212 2678 quim
227 2595 264 2657 sit
280 2592 387 2668 facilis,
412 2591 452 2656 illi
468 2591 609 2678 viderint,
634 2593 686 2673 qui
712 2593 777 2676 ejus
803 2594 875 2658 artis
904 2602 1091 2682 arrogandi,

119 2721 209 2782 quasi
201 2695 401 2762 difficillima
416 2697 464 2772 sit,
476 2697 516 2760 ite
533 2697 652 2762 subnixi
669 2697 844 2773 ambulant3
866 2700 980 2768 deinde
995 2707 1091 2772 etiarn

121 2823 154 2869 tu
152 2805 236 2915 ipse
251 2769 372 2877 riideris,
392 2802 443 2882 qui
458 2819 529 2864 rem
545 2814 643 2864 ortem
661 2801 782 2866 lucilern
800 2825 866 2868 esse
882 2805 970 2882 dieis,
995 2829 1091 2890 quam

63 2920 69 2938 ‘
93 2914 108 2934 ”
121 2883 270 2974 eodcedis
286 2907 389 2970 adhuc
404 2919 503 2969 artem
519 2924 589 2968 oms
583 2905 645 2967 ἰηο
662 2927 722 2970 non
739 2928 817 2982 esse,
842 2910 896 2972 scd
895 2910 1116 3039 aliquandol:

121 3014 148 3078 si
162 3014 230 3095 quis
245 3011 339 3076 aliurn
354 3021 453 3074 artem
468 3007 618 3082 didicerit,
634 3021 667 3070 ut
682 3009 763 3074 banc
774 3024 873 3076 artem
887 2977 1030 3082 edilrere
1023 3018 1108 3104 pos'

7 3193 10 3200 Ι
120 3117 172 3193 sir,
187 3129 252 3181 turn
265 3135 332 3178 esse
345 3113 538 3178 illamartem
548 3110 696 3174 suturam
718 3113 842 3191 demde,
854 3119 937 3198 quod
949 3133 988 3184 srt
1000 3122 1093 3204 plena

121 3217 359 3293 delectationis3
380 3217 410 3280 in
426 3215 487 3298 qud
501 3215 555 3279 tibi
581 3213 738 3280 remittunt
753 3237 861 3284 omues
876 3221 967 3286 istem
987 3225 1093 3311 volup·

122 3339 234 3398 tutem,
256 3333 287 3384 et
303 3341 340 3384 ea
353 3343 386 3387 se
402 3342 509 3384 curere
525 3320 699 3403 patiuntur
720 3341 779 3384 noc
794 3343 957 3405 quisquam
972 3340 1020 3395 ost
1042 3351 1093 3394 eo.

124 3447 204 3502 rum,
218 3425 280 3507 qui,
295 3424 320 3486 si
340 3424 405 3508 joni
421 3425 459 3488 sit
484 3423 686 3488 ediscendum
700 3423 757 3488 sibi
773 3426 897 3508 ailquid,
922 3449 985 3494 non
1011 3431 1093 3496 Teu·

124 3549 215 3598 crrun
229 3511 355 3594 Pacuvii
372 3526 467 3603 malit,
481 3531 575 3610 quarn
589 3526 775 3592 Manilianas
790 3521 944 3597 venalium
955 3535 1093 3602 benden·

123 3638 239 3704 dorum
253 3632 349 3721 leges,
361 3629 511 3700 ediscere.
554 3632 638 3698 lum
652 3643 758 3700 eutem
771 3633 856 3716 quod
867 3653 973 3702 errrore
983 3637 1092 3722 putris
