2466 3966
330 120 373 164 oa
388 117 542 165 marona
559 119 658 164 crana
672 100 853 167 succursus.
1027 109 1086 168 ¹75

101 269 141 332 ris
156 266 189 354 in
202 264 285 341 card,
300 265 346 330 sic
360 285 395 330 se
410 266 518 330 aiebat
533 264 728 350 inreginibns'
738 266 769 332 in
784 267 821 330 iis
832 265 919 344 locis,
934 287 1013 348 quos
1033 267 1088 334 lra·
1164 295 1171 301 ·

100 369 201 444 beret,
226 387 298 448 quae
312 368 492 434 meminisse
510 367 613 444 vellet,
638 369 842 451 perscribere.
887 367 999 439 Quare
1024 369 1088 436 hac

99 469 327 534 exercitatione
342 490 407 534 non
417 472 563 534 ,eruenda
579 469 733 535 memoria
747 479 806 547 est,
830 469 856 534 si
871 479 919 534 est
932 470 1020 536 nulla
1032 491 1089 536 na·

83 563 227 646 'taralis3
248 570 304 634 sed
320 573 416 648 certe,
431 572 456 634 si
470 571 559 649 latet,
571 572 741 636 evocanda
755 582 813 636 est.
990 581 993 591 '

142 671 278 736 Habetis
293 692 472 736 sermonem
487 673 570 738 bene
584 674 716 758 longum
728 673 874 750 hominis,
885 673 1007 736 utinam
1022 693 1087 736 non

40 799 55 810 ·’
99 759 313 856 impudentis,
334 773 408 836 illud
424 774 552 854 quidam
579 778 675 850 certe,
701 795 765 838 non
781 774 873 837 nimis
898 774 1089 849 verecundis

100 875 310 956 quiquidem,
335 885 401 938 tum
417 885 460 950 te,
486 875 612 952 Catule,
638 888 704 940 tum
721 877 818 940 etiam
837 877 875 940 L.
892 875 1009 940 Crasso
1035 896 1088 940 au·

99 976 217 1050 diente,
233 975 416 1040 dedicandi
431 977 553 1058 ratione
566 988 633 1068 tam
645 977 744 1040 multa
755 977 905 1042 dixerim:
928 995 1005 1040 nam
1016 977 1089 1041 isto·

100 1097 173 1141 rum,
186 1087 264 1140 aetas
279 1078 382 1140 mimis
398 1099 449 1142 me
464 1077 597 1144 fortasse
615 1097 741 1140 movere
767 1079 886 1142 debuit.
929 1077 995 1142 Sed
1013 1080 1089 1144 mihi
1173 1119 1178 1128 ·

7 1185 13 1190 '
36 1193 55 1208 ‘
95 1178 271 1264 ignoscetis
286 1179 441 1261 profecto,
455 1179 480 1241 si
493 1178 600 1253 modo,
614 1198 686 1258 quae
699 1197 799 1242 causa
816 1201 866 1248 me
882 1181 923 1244 ad
939 1181 1024 1246 hanc
1043 1182 1088 1246 in·

99 1279 317 1358 solitammihi
331 1280 560 1358 loquacitatem
571 1278 738 1360 impulerit,
754 1282 950 1362 acceperitis.
1079 1351 1083 1358 ,

144 1379 329 1447 LXXXIX.
353 1381 422 1442 Nos
437 1379 523 1455 vero,
538 1379 637 1460 inquit
655 1378 798 1456 Catulus,
815 1381 948 1460 (etenim
963 1402 1021 1464 pro
1037 1403 1088 1448 ma

100 1482 175 1556 hon,
185 1491 222 1548 et
232 1501 289 1563 pro
305 1501 378 1543 meo
390 1475 708 1562 fratre,rcsp0ndeo,)
725 1479 789 1544 nou
806 1483 903 1544 modd
914 1481 971 1544 tibi
986 1483 1089 1566 ignos-

101 1586 213 1660 cimus,
228 1584 283 1663 sed
307 1594 339 1646 te
354 1581 522 1666 diligimus,
541 1602 757 1665 magnamque
773 1582 829 1646 tibi
844 1583 998 1648 habemus
1019 1605 1090 1668 gra·
1116 1641 1120 1647 .

101 1687 200 1761 tiam3
222 1696 254 1748 et
276 1689 350 1748 crim
366 1685 595 1747 humanitatem
623 1695 655 1748 et
673 1683 859 1748 facilitatem
887 1687 1089 1768 agnoscimus

102 1801 202 1861 tuam,
240 1797 307 1849 turn
338 1769 532 1848 admiramur'
560 1785 654 1848 istam
682 1785 849 1849 scientiam
888 1798 921 1850 et
951 1789 1089 1871 copiam.
1135 1780 1140 1793 ’

103 1889 260 1968 Equidem
287 1887 384 1951 etiam
400 1887 462 1950 hoc
479 1907 530 1950 me
552 1897 732 1950 assecutum
759 1899 847 1970 puto,
870 1889 956 1970 qudd
971 1910 1091 1974 magno

102 2009 174 2052 sum
189 1989 310 2052 levatus
325 1993 441 2063 errore,
466 1996 499 2050 et
514 1986 564 2050 illa
583 1987 793 2052 admiratione
819 1989 979 2066 liberatus,
1004 1993 1091 2073 quod

103 2091 209 2154 multis
224 2111 296 2152 cum
322 2089 388 2151 aliis
403 2108 528 2170 semper
554 2089 702 2151 admirari
717 2088 870 2166 solebam,
896 2091 982 2153 unde
1007 2104 1092 2156 asset

5 2189 9 2202 ’
102 2192 158 2256 illa
172 2203 262 2278 teuta
278 2201 332 2253 tua
357 2189 507 2252 incensis
525 2188 689 2251 divinitas:
713 2210 774 2252 nec
789 2191 874 2252 enim
900 2200 932 2253 te
947 2190 1006 2254 ista
1022 2193 1092 2256 atti·
1205 2275 1209 2284 .

102 2293 187 2378 gissa
199 2291 385 2365 arbitrabar,
396 2309 467 2371 quae
479 2288 714 2372 diligentissime
729 2290 894 2374 cogndsse,
906 2303 938 2356 ct
953 2293 1092 2374 undique

103 2394 272 2478 colligisse,
287 2412 407 2471 usuque
422 2392 553 2454 doctum
564 2392 678 2473 partim
700 2393 882 2470 correxisse,
893 2394 997 2470 video,
1023 2416 1092 2478 par·

10 2485 16 2493 ⁸
104 2498 161 2560 tim
177 2493 411 2578 comprobasse.
431 2487 433 2494 ’
455 2492 569 2573 Neque
585 2493 624 2556 ed
640 2484 742 2556 rriinrls
761 2479 977 2575 eloquentiam
993 2507 1094 2574 tuam,

104 2614 139 2663 et
154 2599 253 2664 multd
268 2598 372 2680 magis
386 2598 532 2662 virtutem
549 2605 582 2658 et
604 2595 812 2679 diligentiam,
827 2596 984 2672 admiror3
1009 2609 1042 2661 et
1056 2600 1094 2662 si·

106 2701 170 2764 mul
185 2701 323 2785 gaudeo,
331 2699 482 2783 judicium
500 2696 597 2760 animi
612 2697 675 2760 mei
689 2697 902 2780 comprobari,
917 2699 1002 2779 qudd
1014 2719 1094 2761 sem·

105 2823 163 2886 per
185 2803 291 2878 statui,
315 2801 475 2866 neminem
491 2799 655 2882 sapientiae
680 2798 809 2862 landem
836 2809 868 2862 et
894 2797 1094 2878 eloquentia,

104 2905 174 2968 sine
203 2911 326 2968 summo
356 2902 471 2978 studio,
500 2911 532 2964 ct
555 2899 675 2974 labore,
704 2908 737 2962 et
762 2897 916 2973 doctrina,
942 2901 1095 2982 consequi

105 3025 211 3088 posse.
255 3005 319 3068 Sed
336 3015 445 3068 tamen
469 3000 622 3082 quidnam
647 3000 752 3075 estid,
777 3001 863 3080 quod
878 2999 993 3076 dixisti,
1017 2999 1096 3078 fore,

105 3118 141 3170 ut
156 3107 211 3170 tibi
228 3107 476 3190 ignosceremus,
500 3101 526 3166 si
541 3099 779 3185 cogndssemus,
805 3121 876 3184 quac
892 3111 923 3166 tc
939 3121 1039 3166 causa
1062 3102 1095 3167 in

104 3228 287 3273 sermonem
313 3205 508 3290 impulissetl
532 3204 618 3273 Quae
640 3213 689 3268 ast
714 3202 799 3267 anim
809 3203 888 3268 alin
912 3203 1095 3280 cansa,nisi
1124 3213 1127 3218 '

104 3311 192 3394 qnod
208 3309 309 3384 nobis,
335 3309 493 3374 ethorum
520 3304 771 3371 adolescentium
793 3305 908 3380 studio,
934 3304 988 3386 qui
1002 3313 1034 3369 ts
1050 3314 1097 3370 at·

105 3513 270 3600 Adimera,
298 3509 409 3592 inquit,
438 3529 567 3576 omnem
592 3508 827 3575 recusationem
857 3506 973 3586 erss'o
1000 3505 1096 3582 volui,

1 3495 2 3502 ἵ
105 3409 280 3480 tentissime
304 3407 482 3484 audierunt,
501 3427 622 3474 morem
638 3425 748 3492 gerere
763 3405 911 3470 voluistil
934 3405 1017 3469 Tum
1034 3405 1096 3482 ille,
1169 3441 1173 3451 ι
