2458 3972
368 109 418 186 ω’
432 133 584 184 mareas
606 123 703 184 araas
726 133 874 186 erarius,
1050 111 1107 181 lte

136 279 716 364 etsubtilitate,tumrsrdsloquentia,
728 277 1107 364 alienaealienae

135 405 171 452 se
183 406 308 468 cunque
329 387 363 450 in'
376 399 503 470 partem
519 385 666 464 dedisset,
681 385 819 451 omnium
846 384 903 450 suit
924 381 1012 448 tacita
1029 379 1109 466 prin·

135 509 223 573 ceps.
267 488 297 554 ls
312 489 357 566 iis,
372 489 424 572 qui
440 489 517 565 heac,
540 508 610 571 quae
625 510 682 556 nos
706 510 789 554 nune
804 487 979 572 qnaerimur,
996 496 1109 549 tracta·

134 603 217 668 rent,
232 605 372 678 agerent,
386 595 546 668 docerent,
560 597 634 658 edin
649 594 775 658 nomine
791 590 1020 676 appellarentur
1035 608 1108 664 uno,

133 695 221 778 qadd
236 697 336 762 omnis
362 719 462 764 rerum
479 696 664 782 optimarum
686 695 835 781 cognitio,
852 707 945 776 atque
961 691 990 758 in
1007 692 1042 756 iis
1057 712 1107 756 ex·

133 799 292 877 ercitatin,
308 799 502 885 philosophia
526 801 748 892 nominaretur,
775 801 836 872 hoc
861 817 1028 864 commune
1054 816 1108 860 no·

134 923 208 966 men
233 903 354 988 eripuit,
379 903 598 990 sapienterque
622 903 785 980 sentiendi,
811 915 843 968 et
858 905 966 968 ornate
981 899 1108 966 dicendi

130 1005 309 1084 seientiam,
324 1029 356 1072 re
368 1009 572 1085 cohaerentes,
583 1009 847 1092 'disputationibus
861 1006 922 1072 suis
932 1003 1106 1090 separavit:

130 1110 221 1195 cujus
237 1111 394 1195 ingenium
411 1114 573 1196 variosque
588 1131 746 1176 sermones
762 1109 987 1176 immortalitati
1013 1109 1107 1191 scrip·

130 1213 172 1276 tis
188 1214 248 1278 suis
265 1213 354 1280 Plato
366 1217 501 1294 tradidit,
516 1218 586 1280 elam
601 1237 668 1300 ipse
679 1214 799 1281 literam
824 1215 972 1281 Socrates
988 1212 1104 1276 nullam

131 1315 314 1398 reliquisset.
359 1318 442 1384 Hine
466 1321 628 1386 discidium
655 1319 726 1384 illud
751 1318 865 1382 exstitit
881 1318 967 1400 quasi
990 1318 1105 1402 linguae

131 1433 228 1504 atque
241 1423 355 1500 cordis,
370 1425 538 1489 absurdum
553 1426 628 1488 sane
652 1437 682 1488 et
699 1421 804 1488 inutile
831 1434 862 1486 et
877 1421 1106 1505 reprehenden-

129 1525 218 1602 dum,
234 1537 266 1590 ut
282 1526 333 1590 alii
344 1549 533 1612 nossapera,
544 1527 707 1594 aliidicere
719 1528 879 1600 docerent.
924 1525 953 1588 N
958 1545 1020 1600 am,
1030 1528 1103 1588 erim

131 1641 238 1694 essent
253 1630 354 1714 plures
369 1631 427 1697 orti
443 1631 535 1696 serbe
552 1631 695 1708 Socrate,
710 1631 852 1724 quidex
868 1629 945 1694 illius
957 1628 1056 1704 variis,
1072 1639 1104 1694 et

130 1731 269 1811 diversis,
284 1746 315 1800 et
341 1735 371 1800 ia
394 1755 521 1800 omnem
546 1747 668 1820 partem
693 1734 809 1800 diffusis
834 1731 1103 1818 disputationibus,

131 1838 210 1904 alius
226 1839 307 1904 aliud
331 1839 599 1924 apprehenderam
621 1840 838 1924 proseminatoe
861 1850 930 1902 sunt
946 1837 1033 1920 quasi
1058 1837 1103 1902 fa·

131 1941 225 2007 miliae
240 1943 456 2008 dissentientes
479 1945 556 2008 inter
572 1965 615 2020 re,
630 1956 661 2008 et
674 1945 803 2008 multllm
819 1943 980 2028 disjuncta
995 1954 1028 2006 et
1042 1941 1101 2006 dis·

129 2067 233 2130 pares,
255 2050 327 2110 erim
351 2059 458 2136 tamen
483 2069 592 2112 omnes
607 2069 640 2112 se
663 2047 837 2131 philosophi
863 2047 1042 2110 Socraticos
1068 2055 1100 2110 et

130 2149 194 2214 dici
208 2150 332 2225 uellent,
346 2161 377 2215 et
391 2171 458 2216 esse
475 2151 704 2216 arbitrarentur.
1116 2195 1157 2238 2-

86 2305 90 2312 .
172 2251 275 2318 XVII.
299 2254 347 2320 Ao
360 2255 456 2338 primo
442 2255 532 2318 ab'
525 2276 592 2338 rpso
608 2254 739 2322 Platone
756 2253 980 2318 Aristoteleset
995 2253 1139 2334 Xeno-r

46 2409 49 2414 a
127 2367 250 2433 oratesr
272 2378 402 2442 quornm
419 2359 496 2422 alter
512 2357 799 2443 Peripateticorum,
824 2359 901 2428 alter
916 2357 1133 2426 Academiae

129 2481 246 2526 nomen
257 2461 404 2528 obtinuit:
426 2463 540 2527 deinde
550 2463 591 2526 ab
601 2457 795 2540 Antisthene,
810 2463 862 2546 qui
875 2463 1057 2548 patientiam
1067 2474 1100 2528 et

128 2563 274 2630 duritiam
290 2563 319 2627 in
333 2561 497 2631 Socratico
507 2585 649 2632 sermone
663 2570 794 2634 maxime
805 2567 977 2644 adamaret,
989 2568 1099 2652 Cynici

128 2668 274 2750 primam,
283 2665 396 2733 deinde
409 2669 522 2734 Stoici:
546 2683 610 2735 tum
622 2671 662 2736 ab
674 2672 843 2758 Aristippo,
858 2693 952 2756 quem
964 2673 1023 2738 illae
1037 2687 1101 2738 ma·

129 2769 181 2854 gis
193 2770 372 2855 voluptariae
387 2774 611 2858 disputationes
625 2776 829 2853 detentarum,
845 2777 1019 2860 Cyrenaica
1035 2777 1100 2860 phi·

43 2961 47 2968 .
127 2874 270 2958 iosephia
285 2876 433 2952 manavit,
458 2898 550 2959 qaam
577 2877 627 2944 ille
652 2881 762 2964 atejus
789 2880 903 2964 posteri
918 2880 1098 2966 simpliciter
1135 2929 1137 2949 .

126 2979 352 3050 defenderuntt
376 2981 405 3056 ii,
427 2981 478 3064 qui
503 3003 586 3046 nune
609 2983 768 3068 voluptate
791 2987 897 3052 omnia
920 2986 1100 3064 metiantur,

125 3084 201 3158 dum
225 3086 427 3152 verecundius
452 3085 481 3152 id
507 3097 614 3169 agunt,
639 3107 698 3152 neo
724 3089 869 3172 dignitati
893 3091 1098 3166 satisfaciunt,

2 3181 10 3192 ”
125 3207 222 3272 quern
238 3209 299 3252 non
323 3201 536 3272 aspernantur,
562 3211 622 3255 neo
637 3191 827 3276 voluptutem
844 3206 979 3270 tuentur,
1002 3215 1099 3278 quam

125 3291 298 3374 amplexari
308 3293 422 3359 velunt.
456 3294 1098 3384 Fueruntetiameliagenerephilosephe·

125 3417 205 3472 rum,
214 3395 264 3476 qui
277 3415 310 3460 se
320 3397 497 3462 omneriare
508 3400 687 3466 Socraticos
696 3423 764 3466 esse
773 3402 929 3479 dicerent3
945 3403 1098 3472 Eretriae·

126 3519 205 3573 rum,
226 3496 433 3576 Herilliorunr,
449 3501 690 3586 Megaricorum,
705 3503 968 3588 Pyrrhoneorum;
992 3510 1046 3574 sod
1058 3529 1098 3574 ea

126 3601 1095 3695 horumvietdisputatiaaibussuntjnmdiuiraetaetexstineta.

124 3707 173 3783 Es
185 3706 239 3774 illis
249 3718 366 3793 eutem,
381 3728 451 3801 qun
461 3726 634 3794 remanent,
645 3735 683 3780 aa
696 3714 901 3806 philosophia,
912 3735 982 3804 que
993 3735 1095 3782 susce·
