2458 3972
338 147 381 200 ut
403 120 554 198 mundar
577 151 676 197 tran
697 151 848 198 ructus·
1019 135 1080 196 200

105 311 213 366 statuo
229 299 532 384 equoreumque
546 301 721 384 desperem,
735 293 829 366 latine
844 297 894 377 ea‚'
915 301 957 365 de
971 295 1085 383 quibus

106 405 348 492 disputarimus,
366 405 447 470 tradi
462 425 501 470 ac
516 405 677 490 perpoliri:
700 403 816 489 patitur
826 405 908 469 enim
923 416 954 469 et
976 401 1083 488 lingua

109 521 228 586 nostra,
253 521 286 574 et
300 521 539 586 naturarerum
565 507 798 574 veterem-illam
815 509 1082 590 excellentemque

110 613 310 697 pmdentiam
337 613 519 678 Groeoorunl
546 615 586 678 ed
619 627 757 678 nostrum
785 629 874 678 usum
900 631 1086 696 moremque

111 717 288 782 transferri:
310 720 366 783 aed
389 719 563 783 hominibus
578 739 656 803 opus
681 731 728 782 est
743 719 878 794 eruditis,
903 717 956 801 qui
971 717 1092 791 adhuc,

111 823 145 886 in
161 822 222 886 hoc
237 821 363 902 quidem
379 840 506 910 genere,
531 822 627 904 nostri
644 822 716 886 nulli
732 821 872 886 fuerunt:
895 822 941 885 sin
957 821 1085 903 quando

111 926 298 1000 exstiterint,
312 925 407 990 etiam
423 925 540 990 Graecis
555 938 646 990 erunt
659 927 878 1010 anteponendi.
918 943 919 946 ’

133 1101 137 1107 .
159 1027 260 1093 XXV.
282 1027 420 1092 Ornatur
434 1030 526 1114 igitur
541 1031 641 1093 oratio
656 1051 771 1112 genere
787 1030 930 1114 primum,
953 1041 985 1094 el
999 1030 1088 1112 quusi

114 1132 221 1197 colore
233 1134 371 1216 quodam
379 1145 411 1197 et
420 1155 516 1198 succo
528 1151 603 1198 suo:
625 1153 710 1210 nam,
720 1147 752 1198 ut
764 1135 877 1218 gravis,
888 1145 922 1197 ut
930 1133 1043 1211 suavis,
1053 1146 1088 1200 at

114 1237 238 1300 erudita
248 1238 296 1312 rit,
306 1255 341 1301 ut
352 1237 495 1314 liberalis,
506 1249 540 1300 ut
551 1237 751 1313 admirabilis,
762 1250 796 1300 ut
805 1238 912 1320 polita,
924 1249 958 1302 ut
970 1257 1088 1314 sensus,

116 1351 151 1404 ut
165 1341 289 1404 dolores
301 1341 426 1417 habeat,
438 1353 589 1424 quantum
606 1361 684 1424 opus
696 1341 744 1416 sit,
760 1361 821 1404 non
838 1353 885 1404 est
896 1340 1088 1426 singulorum

116 1445 335 1510 articulorum:
357 1444 388 1508 in
404 1457 661 1528 totoepectantur
672 1445 739 1508 hee
754 1465 894 1528 corpore.
912 1511 919 1521 ,
941 1443 984 1508 Ut
997 1465 1089 1528 porro

5 1629 6 1634 η
116 1571 286 1634 conspersa
297 1549 336 1612 sit
351 1551 437 1630 quasi
461 1549 627 1614 verborum
642 1549 928 1632 sententiarumque
944 1548 1090 1624 floribus3

116 1655 151 1717 id
167 1675 227 1716 non
244 1653 338 1716 debet
352 1673 420 1718 esse
435 1653 534 1716 lusum
559 1650 751 1746 aequabiliter
766 1673 820 1736 per
835 1673 961 1716 omnem
977 1651 1090 1716 oratio·

117 1779 204 1833 nem,
229 1758 283 1820 red
298 1757 342 1820 ita
355 1757 545 1833 distinctum,
564 1769 598 1820 ut
612 1756 682 1852 sint3
704 1757 792 1839 quasi
806 1757 835 1821 in
852 1768 974 1834 ornatu,
989 1757 1091 1840 dispo·

5 1907 6 1916 a
47 1881 54 1895 ·
117 1861 181 1925 situ
194 1862 339 1943 quedam
354 1859 487 1945 insignia
508 1874 539 1926 et
554 1861 681 1926 lumine.
726 1861 834 1926 Genus
857 1860 949 1944 igitur
965 1858 1091 1924 dicendi

117 1978 169 2030 est
183 1965 370 2049 eligendum,
385 1965 468 2046 quod
484 1966 617 2028 maxime
632 1975 740 2044 teneat
756 1985 810 2044 eos
826 1963 878 2046 qui
894 1964 1032 2040 audiant,
1059 1975 1091 2026 et

118 2070 205 2152 quod
219 2090 281 2132 non
292 2068 392 2132 solam
404 2068 552 2143 delectet,
566 2069 621 2131 sed
637 2068 732 2150 etiam
747 2068 813 2131 sine
828 2067 973 2130 satietate
989 2063 1093 2130 delec-

6 2200 8 2206 ·
120 2185 187 2248 te't3
208 2172 383 2254 (nonenim
399 2193 417 2234 a
435 2193 484 2235 me
505 2173 571 2257 jam
593 2170 767 2256 exspectari
782 2183 869 2256 puto,
885 2183 917 2235 ut
932 2191 1090 2244 moneam,

119 2290 157 2340 ut
169 2276 320 2366 caveatis.
330 2296 369 2339 ne
384 2275 479 2351 exilis,
494 2298 533 2338 ne
548 2276 665 2339 inculte
680 2274 719 2338 sit
730 2287 832 2338 vestra
846 2275 957 2350 oratio,
975 2295 1014 2338 ne
1030 2271 1107 2336 vul·'

120 2381 216 2465 garis,
231 2401 270 2442 ne
282 2375 444 2442 obsoleta:
462 2378 549 2442 eliud
562 2379 710 2460 quiddam
724 2380 833 2466 majas,
854 2392 886 2444 et
901 2379 1026 2464 ingenie
1040 2399 1091 2444 me

122 2485 287 2548 hortantur
311 2494 422 2559 vestra,
447 2495 479 2546 et
504 2487 644 2567 aetatem)
662 2483 794 2548 difficile
815 2465 898 2548 enini
925 2483 1008 2548 dictu
1035 2497 1092 2560 eat,

123 2588 270 2669 quaenam
287 2606 383 2649 causa
398 2586 447 2662 sit,
459 2607 517 2650 cnr
531 2608 581 2663 ea,
606 2607 676 2670 quoe
691 2587 825 2651 maxime
848 2609 956 2652 sensus
968 2599 1092 2668 [nostros

122 2689 289 2773 impellunt
303 2688 472 2773 voluptate,
498 2702 529 2754 et
544 2693 648 2775 specie
664 2691 762 2775 primd
780 2692 929 2756 acerrime
954 2711 1093 2755 commo·

123 2807 209 2870 vent,
235 2794 275 2857 ab
290 2793 325 2858 iis
340 2793 498 2860 celerrime
520 2794 643 2858 fastidio
659 2796 796 2878 quodam
813 2807 845 2858 et
860 2795 1004 2860 satietate
1020 2795 1094 2858 aba·
1192 2847 1193 2852 ,

123 2900 284 2964 lienemur.
327 2897 460 2968 Quanto
486 2898 625 2962 colorum
650 2897 856 2981 pulcritudine
886 2908 918 2961 et
943 2898 1093 2962 varietate

123 3001 282 3068 floridiora
296 3013 368 3065 eunt
386 3003 417 3066 in
433 3001 558 3085 picturis
573 3001 659 3064 novis
675 3000 834 3085 pleraque,
856 3003 947 3083 quem
959 2993 995 3065 'in
1010 3013 1094 3066 vete·

124 3107 208 3170 ribus
219 3108 225 3170 l
235 3108 238 3118 '
248 3125 319 3188 quae
331 3117 449 3182 tamen,
464 3104 585 3170 etiamsi
595 3106 693 3188 primo
706 3105 857 3188 adspectu
868 3127 925 3169 nos
934 3119 1094 3190 ceperunt,

9 3233 12 3238 ·
124 3211 241 3274 diutids
257 3231 319 3273 non
336 3209 514 3286 delectant3
538 3210 610 3272 edm
626 3207 719 3272 iidem
735 3230 802 3285 nos,
814 3207 844 3273 in
861 3191 993 3291 anitquis
1008 3211 1096 3278 tabu·

125 3315 173 3390 lis,
184 3314 251 3396 ipso
267 3311 390 3376 horrido
402 3313 605 3394 obsoletoque
617 3322 789 3375 teneamur.
832 3311 965 3382 Quanto
979 3314 1112 3405 mpllio·m
1219 3340 1224 3350 ·

120 3440 176 3502 ⁸res
188 3427 259 3481 sunt
274 3429 306 3480 et
320 3415 516 3481 delicatiores
530 3415 560 3480 in
576 3427 672 3482 cantu
696 3415 844 3480 flexiones
859 3426 890 3480 et
904 3415 990 3486 lalsae
1004 3415 1097 3484 'vocu-

126 3521 177 3598 le,
188 3522 282 3603 quem
297 3535 392 3584 certae
407 3531 439 3582 et
453 3521 586 3584 severtel
609 3519 719 3602 quibus
730 3530 837 3584 tamen
849 3540 911 3585 uon
924 3521 1018 3586 modd
1030 3541 1098 3584 aus·

127 3625 197 3703 teri,
210 3625 278 3702 sed,
292 3623 317 3687 si
329 3621 440 3708 saepitls
451 3623 538 3700 fiunt,
549 3622 714 3690 multitudo
725 3623 793 3709 ipsa
804 3623 965 3690 reclamat.
1008 3625 1097 3688 Licet

594 3734 630 3791 18
