2458 3972
502 49 505 58 ’
615 53 646 103 'r

147 145 209 204 ttt
338 103 346 145 '⁴
380 155 423 201 or
445 154 598 200 ortanus
622 120 720 198 irone
744 151 896 199 marat.

1020 209 1048 283 s
1068 220 1096 285 ἡ
1113 205 1182 296 sm
1202 231 1211 264 t

148 331 216 375 esse
238 317 291 372 out
306 307 415 392 majus,
430 308 524 388 quam
536 325 585 368 res
611 301 757 387 postulet,
785 303 968 388 Tempestas
983 238 1130 370 coiisse
1152 287 1155 296 ’

149 412 264 493 tionir,·
287 410 466 486 autminus,
496 407 683 472 comissatio
708 408 905 492 tempestatis.
942 407 1036 472 ἸΝοΙο
1058 422 1130 470 esse
1210 411 1211 416 ’

148 518 279 582 verbum
294 513 512 598 cognomario,
531 514 615 596 quod
631 512 815 576 translatum
837 511 886 587 sit,
911 514 1004 594 quarn
1020 511 1128 574 suisset

149 621 222 685 illud
239 621 397 704 proprium
412 639 450 682 ae
465 634 572 680 suum:
595 615 741 700 quidnam
756 628 811 692 ast,
833 615 983 680 obsecro?
1006 614 1082 699 quid
1098 627 1131 676 re
1208 627 1211 692 f

23 763 29 774 x
80 759 83 762 ·
149 725 232 789 odiri
246 723 403 788 mantus?
425 721 534 786 melius
549 731 641 796 esset,
663 733 759 796 vetos,
768 719 928 804 prohibes,
949 719 1127 784 absterrere

149 830 298 911 quoniam
313 827 362 890 ille
377 827 509 900 dixerat,
524 824 615 889 Iliico
629 813 709 901 istic,
723 847 761 887 ne
775 825 923 908 contagio
937 847 1006 887 mea
1029 823 1130 899 bonis,

149 932 304 1007 umbrave,
319 930 411 994 elisit.¹
451 928 554 1010 Atque
569 928 675 1004 etiarn,
690 930 714 992 si
730 950 868 1006 vereare,
882 951 921 993 ue
938 928 1031 1013 paulo
1047 927 1128 990 duri·
1210 965 1211 970 κ

150 1058 185 1099 or
196 1035 357 1099 translatio
369 1055 436 1098 esre
449 1033 598 1109 videatur,
610 1032 777 1097 mollienda
790 1045 848 1110 est,
863 1035 1031 1118 praeposito
1043 1037 1127 1117 saepe
1208 981 1211 1078 l

149 1140 264 1203 verbo:
286 1151 320 1201 ut
336 1137 361 1201 si
376 1138 459 1215 olim,
475 1137 519 1201 M.
533 1137 656 1201 Catone
672 1138 967 1222 mortu0,pepillem
982 1150 1128 1202 senatum

150 1243 218 1338 quis
230 1243 370 1306 relictum
381 1241 509 1316 diceret,
522 1242 615 1324 paulo
630 1241 752 1318 durius3
774 1242 831 1318 sin,
841 1255 875 1304 ut
888 1241 936 1305 ito
948 1241 1059 1318 dicum,
1069 1263 1129 1325 pu·
1208 1253 1211 1268 ⁴

146 1347 268 1432 pillum,
284 1346 443 1429 aliquante
459 1347 569 1410 mitius.
615 1346 740 1408 Etenim
755 1347 934 1409 verecunda
948 1345 1044 1411 debet
1059 1367 1128 1410 esse

152 1450 325 1527 translatio,
336 1463 370 1515 ut
385 1452 522 1514 deducta
533 1451 562 1513 in
579 1449 714 1513 alienum
732 1450 846 1526 locum,
858 1470 919 1513 non
935 1449 1067 1526 irruisse,
1084 1463 1130 1512 at·

152 1575 212 1635 que
228 1567 261 1617 ut
273 1541 423 1638 precarii),
436 1575 497 1617 non
513 1551 552 1628 vi,
564 1553 683 1616 venisse
697 1553 844 1618 videatur.
890 1553 1004 1616 Modus
1020 1565 1129 1621 autem
1208 1559 1211 1620 ἶ

151 1658 252 1721 nullus
267 1669 314 1721 cst
328 1658 487 1720 florentior
501 1657 531 1720 in
547 1655 674 1740 singulis
689 1657 800 1732 verbis,
815 1679 874 1720 nec
890 1659 941 1738 qui
958 1657 1025 1741 plus
1041 1656 1131 1719 lumi·

152 1761 199 1823 nis
215 1760 324 1824 afferat
352 1759 495 1824 orationi,
561 1759 578 1795 ²*
644 1761 662 1796 ⁹⁵
726 1761 744 1796 ⁴*
830 1761 914 1824 Nam
930 1760 1015 1836 illud,
1042 1745 1129 1842 quod
1206 1837 1211 1855 A

152 1887 190 1928 ex
206 1865 267 1928 hoe
281 1886 396 1948 genere
413 1863 547 1948 profluit,
573 1885 635 1928 non
652 1875 703 1926 est
721 1863 751 1946 in
767 1887 830 1927 uno
846 1866 941 1929 verbo
956 1865 1134 1941 translat0;
1205 1857 1206 1860 ¹

152 1969 206 2032 sed
220 1969 405 2052 expluribus
420 1967 609 2032 continuatis
625 1969 831 2045 eonnectitur,
847 1981 880 2032 ut
896 1969 978 2032 aliud
994 1969 1134 2046 dicatur,

154 2073 236 2138 aliud
252 2073 486 2156 intelligendum
500 2073 556 2136 sit:

337 2243 431 2256 --
441 2217 531 2278 Neque
543 2231 582 2264 me
594 2217 669 2278 patiar
679 2219 766 2266 iterum

245 2301 284 2348 Aa
294 2315 371 2349 unum
382 2301 508 2362 scopulum
519 2304 545 2348 et
555 2301 632 2347 telum
643 2301 745 2349 classem
756 2300 878 2350 Achivum
887 2301 1018 2351 offendere.

1206 2145 1211 2188 ¹

154 2425 258 2506 Atque
275 2423 358 2498 runa,
1044 2407 1047 2412 ’

245 2567 327 2624 Erras,
338 2581 416 2614 erras:
434 2580 490 2615 nam
501 2567 663 2614 exsultantem
674 2572 708 2625 te,
719 2573 745 2616 et
754 2567 921 2631 praefidentem
931 2571 983 2628 tibi,

246 2650 390 2712 Repriment
402 2651 484 2698 validas
496 2651 579 2714 legum
591 2651 699 2708 habene,
711 2658 782 2714 atque
793 2654 888 2714 imperii
898 2653 1009 2701 insistent
1015 2654 1089 2719 jugo.

154 2773 265 2838 Sumtel
280 2795 312 2836 re
327 2772 427 2848 simili,
442 2773 537 2836 verba
551 2772 616 2857 ejus
637 2773 821 2858 rei-propria
843 2773 993 2858 deinceps
1015 2775 1045 2839 in
1063 2798 1135 2841 rem

154 2879 246 2945 aliam
264 2879 313 2960 (ut
326 2875 403 2962 dixi)
419 2877 651 2942 transferuntur.

195 2981 298 3046 XLll.
322 2981 383 3044 Est
405 2981 466 3044 hoc
490 3002 641 3066 magnum
665 2995 886 3047 ornamentum
911 2984 1071 3062 orationis,
1099 2989 1134 3052 iu

153 3107 216 3170 quo
228 3086 401 3150 obscuritas
410 3085 557 3170 fugienda
567 3099 623 3152 est.
667 3087 793 3152 Etenim
805 3108 843 3150 er
856 3087 1041 3173 hecgenere
1051 3091 1135 3158 fiunt

154 3212 204 3268 aa,
226 3213 298 3275 quae
312 3189 457 3254 dicuntur
471 3191 649 3274 enigmata.
693 3191 768 3255 Non
782 3205 830 3256 est
845 3205 950 3258 autem
975 3192 1006 3256 in
1032 3197 1136 3261 verbo

155 3296 266 3374 modus
281 3295 411 3372 hie‚‚sed
433 3293 465 3358 ia
480 3295 633 3370 oratione,
648 3295 678 3358 id
693 3306 752 3370 est,
765 3294 797 3358 in
811 3297 1049 3364 continuatione
1066 3321 1135 3364 ver-

154 3399 274 3466 borum.
318 3400 369 3466 Ne
384 3399 436 3464 illa
459 3399 583 3481 quidem
606 3399 761 3463 traductio
787 3411 881 3482 atque
906 3401 1085 3468 immutatio
1101 3407 1135 3470 in

153 3504 249 3570 verbo
263 3507 424 3588 quondam
438 3503 675 3568 fabricationem
691 3503 797 3581 habet,
807 3506 862 3570 sed
877 3506 909 3570 in
924 3507 1092 3576 oratione:

338 3643 422 3698 ersten
431 3643 533 3694 urimur
543 3645 625 3696 tremit
634 3643 730 3698 honus
739 3652 805 3700 tem
814 3649 930 3704 uuum
