2466 3966
117 121 158 186 tt
352 137 397 184 nr
413 137 566 194 onrronr
583 137 683 184 arnna
698 137 882 189 annornm.

158 282 274 356 Q'uore
288 305 352 370 ego
366 283 423 350 tibi
438 295 599 354 oratorem
621 287 668 352 sio
674 286 743 371 jun
758 287 934 365 inetitrrrnr,
948 287 976 352 ri
989 297 1118 374 potero,

115 397 162 466 nt,
173 388 250 472 quid
265 388 394 454 efficere
409 388 520 474 poerit,
535 392 610 466 apte
622 391 825 475 perspiciam.
870 392 920 456 Sit
935 393 1020 456 eninr
1037 391 1117 460 milri

78 481 233 556 ’'tinmns
247 491 364 569 literior
386 492 521 558 audierit
536 491 678 574 aliquid;
701 493 836 577 legerit3
859 494 921 560 irtn
946 494 1017 579 ipen
1035 515 1116 579 pror·
1221 515 1222 522 ¹

114 606 212 678 eepta
235 595 415 678 acceperit:
438 595 574 660 tentabo
588 594 665 677 quid
688 597 815 673 decent,
830 597 1013 680 qu'nl·vooe,
1038 599 1114 680 quid

114 699 241 775 viribus,
266 699 341 781 quid
358 698 479 782 spiritu,
505 698 581 780 quid
596 697 705 782 lingue
719 699 848 765 efficere
863 700 972 783 possit.
1018 701 1054 764 Si
1069 701 1116 766 in·

113 801 255 885 telligam
273 821 367 884 posse
384 801 425 864 ad
441 821 583 866 summor
599 802 775 884 pervenire,
797 823 863 866 non
885 802 987 868 eoldm
1009 803 1116 868 horta·

113 903 184 980 bor,
199 914 234 967 ut
246 903 402 980 elaboret,
416 904 474 968 eed
489 904 598 980 etiam,
613 905 638 967 si
654 903 699 978 vir
711 925 839 987 quoque
855 905 932 970 milri
947 905 1050 970 bonus
1073 905 1117 969 vi·

108 999 250 1082 ridebitur,
270 1005 468 1070 obsecrabo:
491 1017 617 1072 tantum
634 1027 697 1091 ego
712 1007 744 1070 in
771 1007 949 1072 excellente
976 1019 1117 1085 oratore,

113 1118 147 1173 et
159 1109 275 1172 eodem
290 1107 357 1172 viro
372 1108 470 1184 bono,
489 1130 576 1192 pono
592 1130 661 1172 esse
677 1111 857 1174 ornamenti
872 1109 1027 1176 universae
1042 1110 1117 1174 civi·

85 1235 89 1241 ·
112 1203 181 1276 reti.
228 1211 285 1274 Sin
300 1210 468 1287 videbitur,
494 1214 568 1275 edm
585 1211 694 1276 omnia
718 1193 981 1288 summafecelit,
1005 1223 1116 1278 tamen
1214 1245 1224 1294 χ

113 1315 156 1380 od
182 1315 361 1378 medioeres
387 1325 531 1380 oratores
547 1336 617 1379 esse
643 1325 813 1391 ventnrns3
835 1316 1018 1397 permittam
1045 1315 1118 1398 ipsi,

113 1417 190 1502 quid
217 1419 311 1495 velit;
341 1417 492 1482 molestus
519 1438 717 1501 magnopere
744 1438 809 1483 nou
826 1439 890 1503 pro.
936 1417 994 1480 Sin
1020 1413 1117 1501 plane'

113 1523 309 1598 abhorrebit,
334 1533 367 1586 et
390 1522 448 1586 erit
472 1521 647 1596 absurdns3
669 1531 702 1584 ut
729 1541 763 1584 se
788 1501 967 1596 eontineat,
993 1531 1049 1584 aut
1074 1523 1117 1586 ad

113 1624 199 1690 aliud
223 1625 361 1688 studium
388 1624 568 1697 transferat,
595 1622 789 1686 admonebo.
834 1607 922 1686 Nam
947 1617 1052 1704 ¹neque
1079 1624 1117 1702 is,

114 1727 167 1809 qni
183 1726 303 1809 optime
319 1736 437 1808 potest,
462 1725 658 1788 deserendus
674 1724 738 1787 ullo
755 1725 853 1788 modo
869 1736 917 1789 est
934 1748 952 1788 a
968 1726 1117 1790 cohorta-

112 1828 201 1892 tione
210 1818 335 1903 nostra,
357 1849 461 1908 neque
476 1826 512 1903 is,
537 1827 591 1908 qui
607 1824 725 1908 aliquid
742 1837 859 1910 potest,
883 1829 1115 1894 deterrendus:
1191 1904 1193 1908 ι
1222 1869 1225 1886 r

112 1933 200 2016 qubd
218 1925 351 1994 alteruin
378 1931 550 1995 divinitatis
577 1929 653 1994 mihi
680 1930 845 2013 cujusdam
873 1932 1016 2008 videturr
1039 1932 1118 1998 alte·

111 2056 196 2112 rum,
210 2035 261 2098 vel
276 2055 341 2098 non
357 2033 464 2098 facere
480 2035 565 2115 qnod
590 2055 654 2096 non
668 2033 788 2117 optirnb
805 2031 916 2116 pos'sis,
942 2035 992 2098 vel
1008 2035 1118 2102 facere

113 2138 199 2222 quod
227 2161 292 2201 non
320 2137 457 2221 pessime
482 2137 596 2212 faciae,
626 2135 852 2200 humanitatis:
886 2138 1012 2200 tertium
1041 2139 1118 2202 verb
1221 2159 1226 2198 r

113 2242 199 2318 illud,
224 2242 365 2305 clamare
382 2243 604 2323 contraquam
621 2241 748 2315 deceat,
774 2243 917 2322 atquem
936 2240 1046 2324 possin,
1062 2241 1119 2306 ho·

113 2345 207 2409 minis
223 2357 282 2421 est,
305 2345 354 2425 (ut
369 2356 414 2420 tu,
436 2343 561 2420 Catule,
576 2345 617 2407 de
634 2344 777 2426 quodam
792 2343 1012 2408 declamatore
1024 2345 1118 2410 dixis·

114 2449 162 2533 ti,)
190 2448 330 2510 stultitiae
357 2467 422 2508 suae
448 2446 699 2529 quamplurimos
723 2457 821 2510 testes
844 2447 1022 2510 domestico
1038 2469 1119 2531 prae·

115 2551 211 2638 conio
232 2549 420 2634 colligentia
466 2550 516 2612 De
533 2550 595 2612 hoc
610 2549 715 2632 igitur,
741 2552 793 2632 qui
821 2550 879 2614 erit
895 2550 977 2626 talio,
1003 2560 1037 2613 ut
1063 2573 1119 2616 co-

113 2656 290 2720 hortandus
307 2653 569 2737 adjuvandusque
585 2651 635 2729 sit,
658 2654 702 2716 ita
717 2653 896 2735 loquamur,
917 2665 951 2718 ut
965 2655 995 2719 oi
1012 2656 1118 2720 trada-

115 2781 184 2824 mus
201 2781 240 2823 ea
256 2761 423 2833 duntaxat,
450 2778 521 2839 quoe
538 2778 596 2820 nos
612 2779 685 2820 usus
708 2751 829 2833 docuit,
856 2770 900 2836 ut,
924 2759 1016 2824 nobis
1031 2760 1118 2824 duci·

65 2913 69 2921 .
114 2864 184 2940 bus,
200 2863 307 2928 veniat
323 2863 373 2938 od,
389 2862 454 2944 quo
467 2864 535 2924 sine
551 2861 633 2924 duee
649 2859 708 2944 ipsi
724 2861 937 2944 pervenimus,
963 2864 1118 2944 quoniam

115 2968 247 3030 meliora
263 2969 382 3030 docere
398 2988 461 3028 non
479 2985 656 3048 possumus.

159 3070 250 3134 XXI.
275 3071 392 3151 Atque,
419 3080 453 3132 ut
480 3067 499 3131 o'
526 3069 671 3132 familiari
695 3080 804 3130 nostro
832 3068 997 3144 exordiar3
1031 3069 1117 3136 hunc

115 3193 190 3258 ego,
206 3172 331 3249 Catulo,
349 3172 538 3255 Sulpicium,
551 3173 708 3255 -(primdm
726 3174 755 3235 in
773 3172 871 3236 causet
887 3173 1028 3255 parvulo·
1041 3175 1118 3238 ado·

115 3277 325 3342 lescentulum
343 3276 473 3360 audivi)
489 3299 581 3353 voce,
596 3288 629 3340 et
642 3275 751 3352 formai,
767 3287 800 3339 et
816 3287 905 3340 motu
920 3275 1072 3360 corporis,
1085 3290 1119 3344 et

115 3381 241 3464 reliquis
257 3381 351 3445 robus
368 3391 479 3463 aptum
506 3380 624 3444 adhoc
641 3401 766 3457 monuo,
793 3381 833 3444 de
850 3401 913 3462 quo
938 3381 1119 3461 quaerimuS,

117 3485 263 3552 oratione
280 3496 387 3550 autem
404 3483 501 3548 aeleri
516 3495 549 3548 et
571 3483 745 3560 concitata,
770 3485 871 3567 (quod
888 3495 958 3548 erat
973 3484 1118 3572 ingenii)
1224 3483 1226 3496 '

117 3601 151 3656 et
166 3590 268 3656 verbis
284 3587 575 3663 effervescentibus,
600 3597 634 3652 et
648 3587 745 3670 paulo
761 3589 894 3652 nimidm
912 3589 1119 3654 redundanti·
