2458 3972
353 103 687 167 enarmonium
713 117 863 166 renatus.
958 126 959 129 ¹
1026 103 1087 164 203

118 277 207 332 ceret
221 255 326 343 aliadl
347 267 390 334 At
404 267 571 334 Numerius
586 265 705 344 Furius,
716 280 821 334 noster
832 264 999 344 familiaris,
1014 269 1086 331 ciam

118 384 168 434 est
196 373 409 450 commodam,
438 382 562 438 cantat:
590 383 637 436 est
661 370 745 436 enim
766 365 1012 456 paterfamilias,
1039 381 1097 436 est

7 478 13 486 ’
118 495 216 558 eques
242 475 424 540 Romanus:
457 497 533 560 puer
558 475 675 552 didicit,
701 477 785 559 quod
810 475 993 540 discendum
1020 473 1085 539 luit.

119 577 243 642 Eadem
269 579 348 644 ratio
363 581 409 644 est
434 579 542 643 barum
569 579 680 642 artium
695 577 909 643 maximarum.
953 579 1028 642 Dics
1054 590 1086 642 et

117 696 228 746 noctes
253 682 349 748 virum
371 682 491 746 samma
517 683 626 748 virtute
651 693 683 748 et
708 681 869 766 prudentia
894 682 1085 758 videbamus,

117 785 303 870 philosopho
319 789 389 850 cirm
401 805 529 871 operam
540 786 639 862 daret,
654 784 697 855 Q.
710 784 920 850 Tuberonem.
963 787 1005 849 At
1021 785 1084 870 ejus

88 895 91 902 '
117 889 304 954 avunculum
319 891 367 954 vis
383 888 568 974 intelligeres
583 889 613 952 id
627 910 732 974 agera,
756 893 827 956 ciam
845 901 952 974 ageret
967 881 1084 966 tamen,

49 1010 54 1020 ¹
117 991 308 1058 Africanum.
351 993 415 1058 Ista
441 993 599 1057 discuntur
614 992 713 1070 facile,
737 1013 762 1056 rr
777 1005 809 1058 et
831 1005 952 1058 tantum
969 1015 1083 1072 sumas,

117 1107 269 1181 quantum
287 1117 364 1180 opus
379 1097 427 1174 sit,
453 1109 485 1160 et
499 1094 626 1171 habeas,
641 1097 693 1176 qui
707 1096 821 1162 docere
836 1099 966 1162 fideliter
979 1099 1082 1182 possit,

115 1209 149 1264 et
170 1199 250 1264 scias
265 1198 359 1264 etiam
375 1199 440 1284 ipse
455 1185 583 1263 discere.
627 1199 702 1275 Sed,
717 1199 741 1262 si
757 1200 821 1264 total
837 1199 986 1264 vitd'nihil
1008 1202 1082 1266 velis

116 1301 200 1366 aliud
214 1323 317 1387 agere,
332 1302 400 1388 ipsa
414 1303 559 1368 tractatio
575 1313 607 1368 et
621 1301 751 1384 quaestio
766 1305 903 1385 quotidie
916 1325 952 1368 ex
968 1327 1001 1368 se
1016 1306 1081 1389 gig·

114 1417 171 1470 nat
187 1406 310 1489 aliquid,
334 1407 416 1487 quod
432 1427 504 1470 cunr
525 1404 678 1470 desidiosa
693 1406 901 1470 delectatione
922 1391 1079 1490 vestiges:

114 1509 159 1573 ita
175 1510 218 1586 fit,
241 1522 276 1574 ut
291 1511 462 1594 agitatione
487 1530 588 1573 rerum
612 1509 651 1594 ¹sit
666 1509 783 1572 infinita
805 1510 961 1593 cogniti03
983 1511 1080 1578 facilis

69 1665 74 1676 ,
113 1635 188 1676 usus
213 1613 387 1676 doctrinam
412 1613 585 1689 confirmet,
616 1611 779 1676 mediocris
802 1635 897 1697 opera
919 1614 1079 1691 tribuatur,

113 1715 266 1780 memoria
281 1716 476 1798 studiumque
492 1727 684 1800 permaneat.
713 1715 819 1792 ¹Libet
840 1729 944 1780 autem
957 1703 1079 1801 se'mper

7 1853 13 1868 ›
94 1876 98 1880 .
112 1818 253 1896 discere;
275 1831 318 1898 ut,
327 1820 349 1884 si
365 1819 456 1896 velim
469 1840 528 1904 ego
542 1819 609 1902 talis
620 1819 735 1903 optime
746 1819 860 1896 ludere,
872 1833 926 1884 aut
938 1822 1007 1904 pilae
1019 1835 1079 1884 stu·

112 1922 167 1986 dio
177 1933 296 1999 tenear,
310 1923 415 1999 etiam,
425 1921 563 2002 fortasse,
577 1923 601 1985 si
614 1924 734 2005 assequi
745 1935 808 1985 uon
820 1925 951 2006 possim:
976 1925 1078 2002 etalii,

52 2047 58 2060 ·
112 2027 186 2108 quia
202 2027 347 2110 praeclare
363 2026 490 2101 faciunt,
504 2024 724 2116 vehementius,
750 2028 841 2107 quam
858 2048 952 2090 causa
975 2039 1078 2109 posta·
1123 2085 1127 2093 .

7 2151 14 2161 ’
110 2131 168 2206 lat,
183 2129 387 2206 delectantur,
403 2143 435 2192 ut
446 2127 546 2192 Titius
562 2127 631 2211 pita,
644 2127 746 2190 Brulla
762 2129 838 2192 talis.
883 2129 991 2198 Quare
1004 2128 1077 2193 nihil

110 2233 279 2316 est‚'qudd
300 2233 463 2315 quisquam
486 2231 729 2315 magnitudinem
747 2232 857 2294 artium
872 2253 909 2319 en
924 2253 973 2308 eo,
991 2231 1075 2314 quod

110 2357 202 2400 senes
217 2337 350 2412 discant,
374 2337 582 2420 pertimescat.
625 2334 771 2417 Namque
794 2347 950 2400 autsenes
967 2337 1076 2400 adeas
1129 2383 1133 2390 ·

111 2452 331 2516 accesserunt3
352 2452 406 2503 aut
432 2459 528 2522 usque
554 2438 593 2501 ad
609 2449 801 2503 senectutem
826 2439 855 2502 in
872 2441 977 2504 stadiis
1000 2442 1075 2505 deti·

110 2556 242 2619 nentur3
264 2554 318 2607 aut
332 2553 402 2606 sunt
417 2540 588 2606 tardissimi.
632 2541 696 2606 Res
713 2542 836 2626 quidem
855 2565 898 2620 se,
926 2544 994 2607 mea
1008 2565 1075 2608 sen·

109 2647 219 2724 tentia,
230 2647 274 2719 sic
286 2646 390 2723 habet,
401 2657 444 2722 ut,
456 2645 512 2709 nisi
527 2645 610 2726 quod
623 2645 750 2729 quisque
765 2645 828 2709 cito
843 2647 987 2730 potuerit,
1000 2669 1074 2711 nan·

109 2773 205 2836 qaam
222 2749 348 2815 omniuo
363 2748 458 2834 possit
472 2747 656 2833 perdiscere.

152 2853 269 2918 XXIV.
292 2853 374 2930 Jam,
392 2853 470 2937 jam,
493 2851 592 2932 inquit
617 2849 755 2926 Catulus,
774 2851 927 2940 intelligo,
948 2853 1072 2930 Crasse,

109 2956 184 3041 quid
196 2957 301 3033 dicas3
322 2968 363 3033 et,
378 2953 512 3028 hercule,
527 2952 685 3016 assentior.
730 2953 814 3016 Satis
829 2955 919 3018 video
934 2955 998 3031 tibi,
1020 2955 1072 3019 ho·

109 3061 185 3125 mini
200 3061 239 3123 ed
264 3058 499 3144 perdiscendum
526 3055 686 3133 acerrimo,
711 3058 750 3120 ad
777 3079 813 3121 ea
841 3059 1072 3142 cognoscenda,

8 3188 10 3192 ·
109 3185 181 3248 quae
204 3162 290 3240 dicis,
315 3163 405 3227 luisse
430 3163 585 3244 temporis.
623 3157 785 3244 Pergisne,
808 3161 906 3244 inquit
932 3161 1071 3240 Crassus,

109 3289 170 3344 me,
185 3288 254 3348 qaae
268 3267 383 3342 dicam,
407 3267 446 3329 de
462 3285 522 3340 me,
536 3281 598 3327 nou
613 3261 652 3325 de
666 3282 710 3339 re,
732 3274 842 3348 putare
856 3263 981 3328 diceret
1004 3264 1069 3329 Sed

104 3373 184 3458 jam,
194 3371 219 3434 si
234 3370 348 3454 placet,
363 3367 403 3432 ad
418 3368 557 3432 instituta
570 3365 742 3432 redeamus.
786 3365 863 3430 Mihi
878 3367 960 3444 verd,
976 3367 1073 3459 Catu·
1104 3375 1111 3389 '

108 3475 156 3539 lus
170 3473 278 3558 inquit,
292 3472 406 3565 placet.

1088 2725 1106 2775 s
1121 2793 1126 2806 ι

374 3600 408 3650 >2
