2466 3966
122 131 180 190 148
341 145 385 190 nn
400 147 559 192 ,carrona
583 147 680 190 urana
703 147 881 192 senonens.

118 295 263 362 molestus
277 317 339 360 non
354 295 438 361 cris:
460 295 587 360 Iubebis
610 296 711 380 igitur
726 309 766 372 te,
792 271 901 380 inquit,
926 297 1101 362 suscitari?

119 413 150 466 et
166 411 209 478 tu,
233 400 323 464 Oertc'
338 403 486 486 negrirurn
502 415 531 465 te
546 401 703 466 molestum
719 391 874 486 suturam.
918 401 967 465 Ex
981 402 1099 466 eodem
1166 431 1170 440 ¹

118 503 180 570 hoc
195 517 283 571 vetus
299 505 372 570 illud
392 522 449 583 est,
474 508 558 590 quod
575 505 662 570 aiunt
675 506 927 590 Maluginensem
944 505 1028 569 illum
1052 506 1097 571 M.

119 609 312 695 Scipionem,
334 615 407 677 ciam
429 633 466 676 ex
490 611 698 675 censoresue
713 611 905 675 renuntiaret
929 611 1097 674 Acidinum

118 715 291 792 consulem,
306 737 473 801 praecoque
489 715 625 792 dixisset,
641 715 705 778 Dic
717 715 756 778 de
768 715 805 780 L.
819 711 966 780 Manilio:
992 715 1098 778 Virum

102 817 238 896 ionum,
259 819 368 904 inquit,
393 821 615 904 egregiumque
630 820 725 884 civem
740 842 807 884 esse
822 819 968 884 arbitror.
1013 819 1100 882 Ridi-

118 924 187 988 cule
213 924 308 1024 etiam
335 925 418 990 illud.
464 926 499 990 L.
524 925 651 990 Porcius
676 925 797 990 Nasica
823 927 945 990 censori
972 925 1100 1001 Catoni,

118 1032 189 1092 crim
206 1027 266 1106 ille,
277 1029 334 1092 Ec
348 1028 393 1093 tui
403 1030 499 1103 animi
514 1030 664 1094 sententio
679 1049 711 1094 tu
728 1053 854 1094 umorem
864 1030 987 1095 liabeo?
1010 1025 1099 1106 Non,

117 1132 251 1209 nercule,
265 1133 376 1218 inquit,
390 1157 431 1198 ec
441 1136 500 1199 mei
514 1136 609 1199 animi
620 1136 779 1202 sententiis.
824 1135 904 1198 Haec
920 1147 974 1198 aut
985 1133 1099 1219 frigida

99 1320 100 1326 ἵ
116 1246 199 1316 sunt,
214 1249 269 1304 aut
284 1251 351 1304 tum
365 1239 458 1316 salsa,
474 1242 546 1305 clun
562 1239 644 1305 aliud
662 1252 710 1304 est
724 1251 963 1322 exspectatum
987 1240 1100 1304 naturai

117 1341 201 1407 enim
218 1365 274 1408 nos
291 1345 340 1425 (ut
365 1347 437 1409 ante
452 1346 529 1422 dixi)
556 1351 662 1408 noster
676 1344 815 1408 delectat
835 1363 937 1408 error:
959 1365 998 1409 ex
1025 1365 1100 1426 quo,

117 1451 191 1512 culm
206 1448 294 1531 quasi
308 1449 435 1534 decepti
450 1471 555 1514 sunrus
571 1448 818 1534 exspectatione,
834 1449 979 1515 ridemus.

158 1552 258 1620 LXV.
281 1553 318 1618 ln
333 1554 435 1620 verbis
450 1556 547 1618 etiam
557 1553 609 1618 illa
624 1567 705 1630 sunt,
720 1575 791 1636 quae
807 1565 861 1618 aut
881 1576 920 1618 ex
935 1554 1100 1620 immutati

117 1655 259 1720 oratione
274 1658 441 1734 ducuntur,
466 1672 520 1722 aut
535 1679 572 1722 ex
588 1659 678 1722 unius
694 1657 779 1720 verbi
804 1659 1022 1737 translatione,
1045 1671 1101 1724 aut

117 1780 156 1824 ex
181 1758 356 1824 inversione
385 1760 560 1824 verborum.
620 1760 667 1822 Ex
694 1759 934 1838 immutatione3
965 1773 1000 1826 ut
1025 1762 1101 1828 olim

117 1861 224 1926 Rusca
236 1865 310 1926 calm
321 1862 425 1947 legem
437 1863 530 1926 ferret
543 1863 701 1940 annalem,
712 1862 869 1927 dissuasor
882 1863 927 1929 M.
941 1865 1101 1946 Servilius,

114 1965 179 2032 Dic
193 1966 277 2044 milri,
303 1958 413 2051 inquil,
440 1967 491 2032 M.
508 1967 633 2046 Pinari,
658 1989 740 2045 num,
766 1967 794 2032 si
808 1982 918 2034 contra
933 1981 962 2033 te
976 1969 1100 2048 dixero,

115 2070 190 2136 milti
210 2071 440 2137 maledicturus
462 2095 505 2149 es,
529 2085 561 2136 ut
576 2073 699 2137 ceteris
715 2071 852 2158 fecisti?
880 2073 922 2138 Ut
936 2087 1100 2140 sementem

40 2235 42 2238 .
107 2177 240 2262 seceris,
264 2177 428 2256 itnmetes,
454 2179 563 2262 inquit.
607 2178 655 2242 Ex
682 2178 887 2260 translatione
910 2191 1029 2256 autem,
1054 2192 1101 2258 ut,

116 2286 189 2347 crim
206 2281 316 2367 Scipio
332 2283 380 2348 ille
404 2283 502 2368 major
518 2281 687 2347 Corinthiis
713 2292 851 2345 statuam
878 2281 1101 2366 pollicentibus

116 2409 155 2452 eo
169 2387 252 2462 loco,
268 2387 320 2450 ubi
337 2375 468 2451 aliorlrrn
484 2396 589 2450 essent
604 2385 839 2470 imperatorum,
860 2387 1008 2452 turmales
1023 2388 1101 2453 dixit

115 2489 290 2574 displicere.
334 2489 534 2554 Invertuntur
550 2501 656 2553 autem
672 2490 777 2566 verba,
803 2501 846 2566 ut,
867 2491 998 2556 Crassus
1014 2493 1099 2576 apud

51 2583 53 2589 ¹
117 2594 162 2660 M.
175 2593 370 2677 ¹Perpernam
380 2592 520 2677 judicem
536 2615 592 2678 pro
608 2593 772 2658 Aculeone
792 2596 865 2658 culm
880 2595 1010 2673 diceret,
1026 2597 1101 2660 ade·

116 2711 165 2765 rat
180 2711 292 2764 contra
308 2697 505 2762 Aculeonem
521 2699 709 2761 Gratidiano
730 2699 767 2762 L.
784 2699 882 2762 AElius
898 2699 1021 2776 Lamia,
1046 2701 1100 2764 de·

117 2795 234 2883 formis,
255 2815 289 2867 ut
304 2802 417 2867 nostis:
440 2803 492 2884 qui
507 2806 581 2866 clim
597 2801 809 2886 interpelleret
832 2801 958 2866 odiose:
980 2803 1100 2868 Audia-

117 2932 195 2988 mus,
209 2909 319 2991 inquit,
328 2907 497 2993 pulcellum
507 2929 650 2992 puerum,
673 2907 812 2972 Crassus.
859 2907 940 2969 cum
955 2917 1038 2970 esset
1054 2929 1100 2972 ar·

118 3014 223 3091 risum,
246 3012 322 3080 Non
332 3013 424 3096 potui
437 3013 521 3090 milri,
544 3013 642 3095 inquit
657 3013 780 3087 Lamia,
797 3011 1019 3096 formamipse
1034 3017 1100 3097 fin·

6 3139 12 3156 ’
116 3139 212 3203 gere:
234 3116 392 3202 ingenium
402 3117 502 3201 potui.
546 3118 632 3182 Tum
645 3117 705 3192 hic,
719 3115 908 3191 Audiamus,
918 3116 1028 3201 inquit,
1054 3118 1100 3184 di-

119 3235 252 3287 sertum:
276 3221 373 3286 multi)
397 3223 493 3286 etiam
520 3223 646 3286 arrisum
674 3235 722 3285 est
747 3220 971 3288 vehementius.
1016 3225 1100 3290 Sunt

120 3326 217 3392 ctiam
228 3325 280 3392 illa
295 3338 437 3402 venusta,
450 3339 484 3390 ut
500 3327 530 3390 in
546 3327 691 3411 gravibus
707 3325 879 3404 sententiis,
901 3328 945 3392 sic
970 3329 1003 3392 in
1015 3329 1100 3396 sncc-

119 3429 177 3529 tiis.
222 3430 293 3495 Dixi
304 3431 388 3495 enim
403 3431 532 3508 dudum,
548 3430 712 3494 materiam
726 3429 819 3494 aliam
832 3453 900 3514 esse
911 3431 987 3517 joci,
1003 3433 1098 3500 aliam

120 3535 310 3614 severitatis:
332 3535 473 3620 gravium
487 3546 593 3599 autem
608 3546 640 3599 et
656 3534 801 3620 jocorum
816 3557 912 3602 unam
925 3558 994 3602 esse
1007 3538 1100 3602 ratio·

87 3712 89 3720 ,
121 3661 205 3712 nem.
249 3640 374 3707 Omant
398 3639 490 3730 igitur
517 3640 654 3726 inprimis
680 3641 856 3714 orationem
878 3642 976 3711 verba
999 3643 1101 3715 relatu
