2458 3972
154 103 216 164 cta
387 117 430 162 nu
453 115 601 160 nnusoar.
625 115 721 160 treus
744 113 892 160 scurrus.

153 286 216 350 quc
231 287 285 332 vos
299 264 469 330 disserendi
484 265 692 331 traducendos
707 263 834 349 putavit.
878 262 987 335 Quare
1002 281 1067 326 non
1080 272 1129 328 cst

155 391 326 456 paucorum
341 369 513 434 libellorum
526 369 586 433 hoc
599 389 719 444 munus,
732 381 766 432 ut
777 366 807 443 ii,
822 366 876 449 qui
885 363 1075 450 scripserunt
1086 367 1128 430 de

156 474 280 539 dicendi
295 472 426 551 ratione,
447 471 585 536 arbitrati
608 484 688 548 sunt,
710 492 811 553 aeque
826 470 1008 546 Tusculani,
1031 485 1128 552 atque

157 577 245 663 hujus
261 575 480 642 ambulationis
494 574 757 653 antemeridianis,
772 584 827 638 aut
839 585 951 640 nostrae
963 573 1129 658 pomeridi·
1210 621 1211 662 ι

47 721 54 761 9
158 703 198 746 cn
242 681 393 746 sessionis.
437 679 723 744 Non'errimsoltlm
743 679 887 744 acuendo
908 678 1008 754 nobis,
1031 688 1128 761 atque
1210 697 1211 712 ι

63 791 64 796 ’
181 703 477 866 rddidendalngua
488 795 546 859 est,
558 784 613 846 sed
628 784 829 847 onerandum·
841 803 880 846 co
916 781 964 864 ple
989 779 1128 862 dumque

111 925 115 936 ·
158 900 268 972 pectus
279 887 633 952 maximarumrerumet
643 887 842 972 plurimarum
852 802 1129 970 srffdrlilfficopib,

159 992 318 1055 varietate.
1208 979 1211 1034 l

201 1093 321 1157 XXXI.
345 1093 461 1156 Nostra
475 1104 522 1158 est
537 1090 620 1158 enin
635 1093 672 1176 (si
688 1095 782 1158 modo
794 1117 850 1172 nps
863 1105 1000 1160 oratores
1012 1111 1131 1168 sumus,

159 1196 185 1274 si
200 1195 230 1260 in
246 1195 357 1261 civium
372 1197 658 1281 disceptationibus,
672 1198 697 1261 si
712 1198 741 1262 in
755 1198 909 1281 periculis,
927 1197 997 1261 siin
1012 1194 1130 1260 delibe·
1209 1253 1211 1264 .

159 1300 329 1365 rationibus
344 1299 483 1388 publicis,
506 1300 675 1364 adhibendi
696 1312 838 1365 auctores
860 1311 891 1364 et
912 1300 1066 1384 principes
1081 1319 1131 1362 su·
1210 1269 1211 1320 l

160 1408 242 1488 mus)
259 1416 364 1468 nostra
378 1416 434 1479 est,
449 1405 587 1486 inquam,
601 1405 700 1468 omnis
712 1405 771 1468 istc
782 1391 925 1488 prudenti
965 1404 1132 1494 doctrinae·

93 1579 113 1597 „
160 1530 221 1590 que
243 1487 407 1592 possessio,
429 1508 459 1571 in
475 1529 569 1591 quem
589 1508 738 1583 homines,
760 1509 848 1590 quasi
862 1425 1130 1589 eidibsrll‘rltque
1210 1527 1211 1530 ’

160 1632 303 1687 vacuam,
313 1612 507 1676 abundantes
517 1611 591 1687 otio,
601 1611 703 1694 (nobis
714 1610 1131 1696 occupatis,)involeverunt,
1210 1649 1211 1652 =

89 1717 93 1742 ³
163 1724 256 1796 atque
274 1715 368 1791 etiam
387 1724 441 1776 aut
460 1713 619 1777 irridentes
642 1725 807 1790 oratorem,
829 1725 863 1778 ut
884 1714 933 1778 ille
955 1715 986 1777 in
1010 1715 1132 1798 Gorgib

163 1811 321 1892 Socrates,
336 1817 526 1893 cavillantur,
542 1828 596 1880 eut
611 1817 725 1901 aliquid
740 1818 779 1882 de
795 1819 923 1882 oratoris
938 1829 1005 1881 arte
1020 1819 1131 1902 paucis

162 1919 346 2006 praecipiunt
367 1920 485 1997 libellis,
507 1941 622 2002 eosque
644 1921 812 1986 rhetoricos
830 1921 1019 1998 inscribunt3
1040 1922 1132 2004 quasi

163 2045 226 2094 non
242 2024 293 2088 illa
308 2025 367 2112 sint
383 2025 505 2107 propria
517 2025 683 2101 rhetorum,
692 2046 768 2107 ¹quae
780 2026 820 2088 ab
832 2026 941 2090 iisdem
952 2024 1134 2109 dejustitib,

163 2127 204 2191 de
219 2129 333 2206 officio,
348 2129 387 2192 de
402 2127 576 2192 civitatibus
588 2128 780 2192 instituendis
796 2139 826 2195 et
843 2129 995 2212 regendis,
1009 2129 1050 2190 de
1065 2149 1134 2212 pm·
1206 2133 1211 2140 ”

164 2233 196 2296 ni
211 2233 340 2308 vivendi,
361 2233 495 2316 denique
510 2233 604 2296 etiam
623 2233 663 2295 de
685 2243 810 2295 naturae·
824 2233 955 2308 ratione,
976 2230 1134 2296 dicuntur.

164 2335 248 2406 Quas
263 2336 409 2418 quoniam
416 2335 482 2419 jam
498 2336 620 2400 aliunde
632 2357 694 2398 non
707 2357 880 2418 possumus,
894 2335 1047 2398 sumenda
1059 2349 1134 2398 sunt
1183 2416 1187 2420 .
1207 2378 1211 2398 ι

164 2437 255 2501 nobis
267 2438 306 2500 ab
321 2439 356 2500 iis
371 2439 453 2520 ipsis,
469 2439 609 2521 aquibus
620 2439 745 2522 expilati
756 2461 876 2516 sumus,
896 2438 1068 2502 dummodo
1079 2440 1137 2502 ille

165 2542 205 2608 cd
221 2541 303 2604 hanc
318 2533 439 2604 civilem
453 2539 625 2618 scientiam,
640 2544 702 2625 qud
717 2544 882 2626 pertinent,
897 2555 929 2608 et
943 2561 1038 2624 quem
1053 2541 1136 2606 intu-

137 2644 140 2650 ’
157 2633 264 2721 entur,
286 2647 522 2724 transieramus:
545 2667 645 2726 neque
661 2646 708 2728 (ut
723 2649 795 2710 ante
811 2646 887 2731 dlxi)
905 2665 1030 2736 omnem
1053 2656 1138 2710 tera-

165 2771 232 2814 mus
245 2749 274 2814 in
287 2748 332 2812 his
344 2749 498 2812 discendis
509 2749 600 2814 rebus
613 2760 752 2826 aetatem3
773 2751 840 2827 sed,
854 2753 927 2814 edm
938 2749 1039 2812 sontes
1050 2749 1139 2813 vide-

164 2853 266 2930 rimus,
281 2874 358 2934 quos
374 2853 428 2916 nisi
444 2852 495 2935 qui
510 2853 649 2918 celeriter
663 2852 814 2939 cognirit,
828 2873 988 2936 nunquam
1001 2873 1136 2936 cognos-

164 2969 216 3022 cet
230 2955 368 3036 omnino,
383 2967 459 3032 tum,
473 2957 717 3042 quotiescunque
733 2979 810 3043 opus
822 2959 889 3034 erit,
903 2977 941 3021 ex
953 2957 988 3018 iis
1000 2968 1140 3034 tentum,
1210 2941 1211 2958 ¹

164 3071 314 3142 quantum
340 3081 387 3125 res
410 3071 506 3144 petet,
531 3061 715 3126 hauriemus.
758 3063 843 3126 Nem
868 3081 970 3141 neque
996 3071 1061 3125 tam
1086 3076 1138 3124 est

98 3225 102 3239 ,
165 3164 244 3230 aeris
258 3163 341 3230 acies
355 3164 387 3227 in
402 3163 517 3228 naturis
533 3165 691 3229 hominum
706 3174 738 3230 et
752 3163 894 3248 ingeniis,
915 3175 949 3228 ut
964 3173 1138 3229 restantes
1207 3175 1211 3186 '

164 3271 337 3352 quisquam,
359 3268 415 3332 nisi
438 3258 634 3345 monstratos,
656 3266 752 3352 possit
772 3268 897 3345 videre3
918 3287 1021 3349 neque
1043 3278 1136 3332 tauta

165 3381 270 3438 tumen
294 3373 323 3436 in
347 3373 437 3437 rebus
459 3372 641 3447 obscuritas,
662 3381 695 3434 ut
717 3391 771 3436 cas
793 3392 855 3436 non
870 3373 993 3456 penitus
1009 3371 1135 3438 acrivir
1210 3455 1211 3462 ἵ

165 3475 291 3560 ingenio
307 3487 425 3552 cernat,
439 3474 464 3538 si
480 3475 574 3538 modo
589 3474 772 3557 adspexerit.
815 3475 852 3538 ln
867 3475 928 3540 boc
939 3475 1030 3560 igitur
1041 3486 1135 3542 tanto

166 3590 231 3650 tam
242 3577 455 3666 iumentoque
466 3597 593 3666 campo,
603 3579 674 3648 cum
685 3577 779 3650 liceat
787 3577 1017 3670 oratoriuagcri
1026 3578 1138 3659 libero.
