2466 3966
119 131 181 190 tuu
339 145 395 208 „ns
417 142 573 216 osseos:
597 143 698 188 siser
721 144 905 190 secururs.

116 291 138 356 li
158 291 265 355 lacere
291 289 438 355 homines
464 291 595 356 minime
620 291 732 357 malos.
777 291 1004 368 Quidlillurl,
1028 288 1116 374 qood

117 415 214 478 supra
227 393 304 469 diri,
316 393 419 458 solere
435 415 487 458 me
498 395 626 470 cedere,
636 407 679 471 et,
694 391 729 458 'ut
742 395 994 478 planidsdicam,
1005 390 1116 478 fogere

118 517 169 572 ec,
184 517 257 579 qoae
282 497 375 560 valde
391 517 523 560 causam
541 518 646 576 mearn
676 509 879 580 premerent3
901 499 975 562 adm
996 498 1029 560 id
1051 517 1116 560 non

117 598 240 662 faciunt
252 600 314 675 alii,
329 611 557 680 versanturque
567 601 599 662 in
622 601 759 664 hostiurn
775 603 898 677 castris,
914 623 953 664 ao
965 621 1023 664 sua
1040 619 1116 684 prae
1223 597 1224 648 l

116 699 197 764 sidia
212 703 391 779 dimittunt,
413 702 659 766 mediocriterne
685 705 790 766 causis
813 715 944 779 nocent,
958 707 1034 766 curn
1060 713 1115 766 sut
1223 717 1224 734 ¹

104 805 370 872 ‚adversariorum
382 806 567 890 adjumenta
578 807 781 882 confirmant,
792 819 847 870 aut
857 828 907 881 ea,
919 825 993 889 quae
1001 825 1115 870 sanare
1223 797 1224 870 J

117 917 293 988 nequeunt,
318 907 526 970 exulcerant?
549 907 665 977 Qu'idl
689 911 761 972 oum
791 928 1011 992 personarum,
1036 927 1116 990 qius
1223 923 1224 940 ¹

117 1009 305 1084 defendunt,
318 1010 474 1072 rationem
492 1031 555 1072 non
568 1011 708 1086 liabent,
730 1011 766 1087 si,
781 1033 854 1094 quae
881 1023 955 1074 suot
968 1012 1000 1074 in
1013 1012 1059 1074 liis
1071 1012 1115 1075 in·
1221 987 1224 1014 i

117 1110 251 1188 vidiosa,
274 1133 338 1174 non
364 1111 513 1196 mitigant
537 1115 753 1188 extenuando,
769 1115 837 1190 scd,
851 1114 1015 1178 laudando
1031 1114 1117 1178 etol'·

115 1212 259 1289 ferendo,
269 1213 472 1303 invidiosiora
482 1215 623 1291 faciunt3
645 1229 800 1298 quantum
813 1217 1036 1298 incolendam
1051 1237 1117 1280 rna-
1220 1263 1224 1312 ἶ

115 1315 159 1378 lil
183 1316 297 1386 Quidl
319 1319 345 1380 si
371 1318 403 1398 in
421 1319 565 1382 hominos
581 1341 686 1397 caros,
699 1320 922 1404 judicibusque
946 1321 1117 1404 jucundos,

114 1419 261 1484 sineulld
273 1403 515 1504 praemunitione
531 1422 694 1499 orationis,
706 1423 851 1486 acerbius
863 1434 895 1486 et
905 1423 1116 1486 contumelio·

33 1603 40 1611 .
114 1511 373 1600 sids'inveharer
395 1545 502 1588 nonne
519 1525 577 1588 obs
593 1537 624 1588 te
644 1527 769 1610 judicos
789 1525 976 1589 abalienesl
1000 1525 1117 1596 uniet

116 1626 152 1700 si,
177 1647 250 1707 quae
265 1625 341 1689 vitia
362 1639 417 1689 aut
432 1626 640 1690 incommoda
661 1639 734 1692 sunt
749 1630 780 1690 in
798 1627 905 1710 aliquo
916 1629 1026 1712 judice
1041 1647 1118 1706 uno,

115 1719 169 1792 aut
186 1727 386 1811 pluribusne
399 1739 443 1804 tu,
459 1728 489 1790 in
502 1729 688 1792 advorsariis
699 1731 936 1813 exprobrando,
949 1751 1013 1792 non
1027 1731 1118 1794 intel·

108 1829 205 1915 ligas,
215 1841 247 1893 te
260 1830 291 1893 in
297 1829 423 1914 judices
433 1830 553 1907 invehi3
565 1832 726 1897 mediocre
735 1843 907 1918 peccatum
917 1835 986 1898 estl
1005 1833 1118 1904 Quidt

8 1975 15 1981 --
114 1933 150 2007 si,
166 1936 239 1997 curn
257 1955 314 2016 pro
328 1933 540 2011 alterodicas,
552 1934 638 1998 litem
655 1947 745 1999 tuam
762 1935 872 2011 lacius,
894 1947 950 2001 aut
966 1937 1059 2001 laesus
1073 1939 1119 2002 el*-
1223 1933 1224 1944 ¹

114 2023 216 2102 seroie
233 2037 408 2113 iracundid,
433 2059 565 2102 eausam
588 2039 756 2121 relinquas,
780 2039 899 2104 nihilne
910 2042 1054 2104 noceas?
1078 2041 1117 2105 In

65 2169 66 2176 ¹
86 2195 90 2202 .
113 2161 178 2222 quo
194 2163 267 2226 ego,
286 2143 432 2222 nonque
447 2141 582 2206 libenter
610 2143 691 2208 male
720 2143 861 2219 audiam,
876 2145 932 2208 sed
961 2145 1037 2226 quia
1052 2164 1117 2228 ogo

113 2265 246 2308 causam
263 2265 329 2307 non
343 2237 649 2327 libenterielinquO,
665 2245 796 2308 nimium
821 2246 949 2329 patiens
963 2259 996 2310 et
1011 2247 1117 2310 lentus

114 2347 292 2422 existimor,
314 2357 360 2422 ut,
375 2351 449 2410 odor
466 2348 498 2410 'te
514 2349 627 2432 ipsum,
644 2349 779 2432 Sulpici,
791 2349 1015 2434 objurgabant,
1027 2351 1116 2431 quud

63 2455 65 2462 ‘
114 2449 360 2513 ministratorem
374 2461 509 2532 peteres,
523 2472 585 2513 non
600 2451 826 2516 adversarium.
873 2451 1001 2535 Exque
1016 2452 1118 2516 etiarn
1223 2473 1224 2504 t

115 2553 190 2616 rllud
221 2569 383 2634 assequor,
412 2563 457 2630 ut,
487 2554 512 2616 si
542 2554 610 2634 quis
638 2551 713 2617 niihi
743 2555 927 2632 maledicat,
957 2555 1119 2640 petulans,
1171 2587 1185 2608 ·

116 2665 171 2720 aut
187 2656 281 2741 plane
294 2655 434 2740 insanus,
449 2677 518 2719 esse
534 2657 687 2722 videatur.
733 2658 771 2720 ln
786 2657 862 2741 ipsis
887 2671 995 2722 autem
1024 2677 1119 2742 argu·

95 2750 231 2824 *mentis
247 2759 272 2824 si
288 2760 363 2844 quid
381 2760 522 2844 posueris
547 2771 601 2823 aut
620 2763 730 2842 aperte
757 2761 881 2837 falsum,
902 2772 957 2823 sut
972 2761 1012 2836 ei,
1025 2764 1117 2844 quod

115 2863 243 2940 dixeris,
258 2863 439 2928 dicturusve
450 2863 502 2941 sis,
512 2865 718 2939 contrarium,
733 2875 788 2927 aut
798 2885 918 2947 genere
930 2864 1000 2946 ipso
1013 2883 1119 2928 remo.

67 2975 71 2992 '
114 2979 184 3030 tum
206 2967 247 3030 ab
274 2987 332 3031 usu
344 2967 534 3051 judiciorum
553 2989 592 3030 ac
618 2966 697 3043 foro,
719 2967 836 3030 nihilne
856 2959 1005 3030 noceusl
1023 2967 1119 3037 Quid
1223 3001 1224 3004 ¹

115 3067 241 3133 multal
264 3070 369 3133 omnis
380 3091 457 3132 cura
474 3091 545 3132 mea
558 3069 639 3133 solet
651 3071 681 3132 in
696 3069 757 3132 lroo
769 3068 885 3132 versari
901 3089 1038 3154 semper,
1054 3072 1119 3152 (du

115 3191 191 3238 cam
205 3171 291 3236 enim
307 3172 446 3257 saepius)
462 3173 487 3235 si
501 3173 630 3256 possim,
645 3183 679 3234 ut
695 3171 770 3233 boni
783 3170 901 3252 aliquid
913 3172 1054 3242 affinium
1069 3173 1120 3238 di·

115 3275 237 3341 centio:
259 3275 307 3338 sin
320 3275 351 3338 id
368 3275 483 3352 minus,
498 3287 532 3339 ut
544 3278 631 3339 certe
646 3273 762 3355 nequid
779 3273 864 3340 mali.

159 3378 311 3464 Lxxvr,
334 3377 447 3460 ltaque
471 3399 557 3442 nuno
584 3377 657 3440 illuc
679 3377 785 3454 redeo,
801 3378 927 3455 Catule,
950 3379 1063 3462 inquo
1080 3391 1118 3446 trs
1221 3455 1224 3480 ἶ

117 3501 169 3546 me
184 3479 282 3566 paulo
298 3482 371 3544 ante
387 3479 555 3556 laudabas,
581 3481 621 3543 ad
638 3479 783 3544 ordinem
798 3481 1118 3566 collocutionemque

114 3605 218 3662 rerum
230 3606 271 3677 ao
280 3583 435 3649 locorum.
469 3582 661 3680 Cujusratio
670 3585 866 3679 ardenter:
888 3585 1120 3680 (litwardum
