2466 3966
338 91 383 137 or
408 89 562 136 carrona
586 93 686 136 ornan
710 91 891 138 asconous.
1053 78 1113 135 113

97 229 225 316 tulis'se,
242 240 469 322 quamobrem,
495 249 644 324 postumo
660 255 724 301 non
741 247 830 312 nato,
856 237 987 302 Curium
1002 247 1111 302 tamen

98 343 273 406 haeredem
288 342 427 425 Coponii
442 363 512 405 esse
535 349 707 425 oporteret.
752 337 839 402 Nihil
856 340 897 402 ad
920 339 1048 424 copiam
1064 359 1110 404 ar·

97 457 347 528 gumentorurn,
362 463 467 527 neque
483 444 524 507 ad
546 463 654 508 causae
668 442 731 506 vim
754 461 794 505 ac
809 450 967 517 naturam,
990 460 1109 507 nomen

97 547 261 632 Coponii,
285 557 341 610 aut
356 546 453 622 Curii,
479 545 638 630 pertinuit.
684 545 721 608 In
744 563 863 628 genere
878 551 948 606 erat
962 544 1108 608 universo

96 650 150 715 rei
163 649 362 734 negotiique,
374 669 438 712 non
454 649 485 713 in
499 659 643 733 ternpore
654 669 693 714 ac
705 647 895 723 nominibus,
911 644 1014 710 omnis
1024 665 1109 726 quoe·

99 753 187 815 stio:
223 751 306 816 Cium
333 735 492 834 scriptum'
512 751 557 815 ita
582 752 632 830 sit,
658 773 689 816 sr
714 773 790 815 nrnr
815 771 924 814 riorus
949 767 1107 822 osuraun,

22 895 23 914 i
100 875 208 923 rsooa
232 875 328 915 rarus
351 859 512 930 ricaredo,
527 863 560 918 et
572 866 701 931 caetera,
724 875 792 918 nori
809 875 853 917 ur
870 873 944 916 urrrr
963 869 1037 914 runa
1054 869 1106 912 srr

99 971 244 1018 annas:
266 957 291 1017 si
314 965 408 1018 natus
433 956 513 1019 filius
539 977 603 1020 non
620 956 678 1032 sit3
699 947 885 1022 videaturne
901 957 936 1033 is,
962 955 1016 1038 qui
1041 952 1105 1018 lilio

97 1067 235 1148 rnortuo
251 1057 408 1120 institutus
425 1059 525 1122 hares
540 1057 590 1136 sit,
605 1057 707 1123 haeres
722 1081 800 1124 esse.

147 1155 307 1225 XXXIII.
333 1159 481 1243 Perpetui
500 1159 644 1246 juris-et
655 1162 790 1226 universi
811 1163 937 1247 generis
961 1149 1119 1243 quaestio,

99 1277 169 1327 non
181 1261 346 1327 hominurn
360 1263 500 1340 nomina,
511 1265 566 1328 sed
577 1265 734 1328 rationem
744 1264 883 1340 dicendi,
894 1275 926 1328 et
936 1283 1104 1347 argumen-

99 1379 210 1430 torum
232 1365 336 1429 fontes
348 1366 517 1430 desiderat.
563 1366 599 1429 In
616 1364 793 1446 quostiam
810 1366 860 1428 isti
876 1387 933 1428 nos
950 1365 1104 1448 juriscon-

95 1467 178 1532 sulti
193 1469 379 1551 impediunt,
403 1467 654 1549 adimendoque
670 1469 841 1532 deterrent.
887 1467 990 1530 Video
1006 1466 1102 1544 enim,

96 1573 135 1634 in
161 1571 296 1635 Catonis
311 1583 343 1635 et
359 1571 447 1634 Bruti
473 1569 558 1634 libris
584 1569 776 1635 nominatim
801 1571 865 1636 sere
881 1569 998 1648 referri,
1025 1569 1101 1654 quid

98 1673 198 1738 alicui
213 1675 254 1737 de
272 1674 342 1758 jure
366 1674 431 1736 viro
455 1685 510 1736 aut
532 1674 651 1740 mulieri
668 1676 907 1758 responderim:
931 1675 1040 1752 credo,
1066 1683 1101 1739 ut

100 1789 298 1860 putaremus,
318 1778 351 1840 in
368 1775 557 1852 hominibus,
583 1799 646 1842 non
671 1779 701 1842 iu
726 1801 770 1856 re,
789 1778 1029 1843 consultationis
1045 1785 1101 1842 aut

97 1878 309 1946 dubitationis
335 1899 467 1942 causam
488 1879 627 1960 aliquam
643 1881 758 1958 luisse3
780 1893 826 1957 ut,
841 1883 928 1962 quaid
954 1882 1100 1950 homines

96 1993 208 2046 esseut
218 1981 474 2058 innumerabiles,
486 1981 641 2044 debilitati
653 2003 673 2044 a
695 1982 765 2065 jure
781 1984 1023 2066 cognoscendo,
1048 2003 1100 2044 ro·

22 2098 23 2140 2
97 2087 254 2149 luntatem
279 2085 423 2172 ‹liscendi
448 2084 539 2148 simul
567 2105 641 2148 curn
669 2105 725 2166 spe
750 2085 954 2168 perdiscendi
982 2083 1098 2168 abjice·

21 2264 22 2274 ἵ
99 2207 215 2252 remus.

142 2291 206 2356 Sed
219 2291 288 2355 liaeo
301 2291 433 2354 Crassus
445 2286 615 2371 aliquando
628 2290 719 2354 nobis
732 2290 892 2375 expediet,
906 2300 939 2355 et
955 2299 1110 2376 exponet.
1190 2333 1195 2340 ·

21 2435 22 2438 =
97 2395 258 2478 descripta
284 2394 479 2476 generatim:
502 2405 551 2459 'est
576 2395 671 2471 enim,
696 2416 736 2460 ne
752 2395 841 2461 torte
868 2397 1004 2472 nescias,
1026 2395 1095 2462 heri

99 2497 189 2562 nobis
204 2497 255 2562 ille
271 2498 343 2573 hoc,
356 2496 660 2580 Catule,pollioitus,
670 2499 763 2584 sajus
780 2501 882 2578 civile,
899 2501 986 2583 quod
1009 2521 1095 2566 nunc

98 2601 246 2666 diffusum
261 2611 292 2664 et
308 2600 494 2683 dissipatum
510 2612 568 2678 ort,
591 2603 622 2666 in
644 2614 733 2668 certa
759 2625 879 2688 genera
897 2615 1095 2678 coacturum,

97 2715 131 2769 et
144 2705 185 2768 ad
202 2713 303 2766 artem
326 2702 419 2767 facile
440 2702 653 2768 redacturum.
699 2707 741 2769 Et
757 2707 899 2787 quidem,
914 2705 1017 2785 inquit
1030 2703 1094 2767 Ca·

99 2807 190 2884 tulus,
204 2805 454 2888 haudquaquam
470 2805 502 2868 id
522 2816 572 2869 est
596 2806 724 2870 difficile
743 2807 870 2881 Crasso,
883 2805 935 2886 qui
951 2816 994 2882 et,
1006 2803 1092 2888 quod

99 2910 175 2974 disc'i
187 2908 290 2992 potuit
310 2910 351 2972 de
371 2909 452 2993 jure,
467 2905 596 2996 didicit:
620 2917 653 2970 et
668 2907 754 2989 quod
778 2909 825 2984 iis,
841 2894 893 2991 qrii
906 2929 978 2974 eurn
995 2909 1093 2976 docu-

98 3021 196 3088 erunt,
211 3009 320 3088 deluit,
346 3012 413 3094 ipse
430 3007 558 3086 afferet3
579 3020 624 3086 ut,
639 3031 712 3093 quae
729 3011 837 3076 sintin
850 3011 933 3097 jure,
948 3012 998 3078 vel
1014 3015 1090 3100 apte

22 3109 31 3150 ‘⁴
99 3115 285 3191 (inscribere,
299 3114 349 3179 vel
375 3117 487 3180 ornate
513 3113 666 3178 iilustrare
694 3116 801 3197 possit.
847 3115 934 3200 Ergo
958 3113 1031 3193 ista,
1046 3102 1114 3180 in·¹

98 3217 161 3300 quit
172 3217 340 3295 Antonius,
350 3227 417 3281 tum
434 3240 453 3282 a
469 3217 584 3282 Crasso
609 3217 780 3294 discemus,
795 3221 869 3282 cirin
892 3238 927 3281 se
941 3215 983 3280 de
997 3215 1089 3282 rurba

99 3331 128 3384 et
144 3341 162 3383 a
179 3318 333 3383 subselliis
345 3321 376 3384 in
392 3321 502 3396 otium,
518 3321 567 3404 (ut
590 3320 737 3405 cogitat)
753 3319 931 3402 soliumque
947 3319 1089 3383 contule·

22 3407 27 3448 l
99 3423 143 3488 rit.
184 3423 257 3487 Jam
272 3422 305 3485 id
320 3421 449 3502 quidem
463 3425 559 3508 saepe,
580 3423 680 3506 inquit
692 3422 836 3499 Catulus,
860 3441 900 3486 ex
914 3439 955 3485 eo
971 3419 1086 3498 audiri,

22 3547 23 3560 ¹
99 3527 166 3591 einr
179 3524 311 3602 diceret,
324 3523 383 3588 sibi
398 3535 519 3590 certum
534 3549 616 3604 esse,
632 3525 788 3613 ajudieiis
803 3523 971 3605 causisque
985 3523 1085 3600 disee·

561 3629 620 3692 10*
