2458 3972
77 2682 89 2711 l

69 2755 72 2762 ¹
86 2724 275 2818 '‘¹''g‘cmmare
285 2735 372 2811 uites,
383 2731 539 2798 luxuriem
551 2757 616 2800 esse
628 2735 659 2798 in
671 2734 783 2810 herbis,
795 2734 883 2797 laelal
895 2745 1026 2815 θθὲθῗθθν
1038 2732 1092 2795 eti·

354 187 396 235 aa
419 189 570 235 onsroau
594 187 691 232 traua
714 157 863 231 noerius.
1030 161 1087 228 221

11 343 26 414 :a
110 339 265 406 sermonis
285 339 404 424 jamdiu
428 339 613 414 intermissa,
634 323 790 421 quaeunt
813 339 974 421 poetarum
997 333 1101 400 licen-¹

11 475 13 511 e
115 446 167 508 tioe
178 443 433 524 liberiora,qudm
444 454 570 508 nostrae:
593 442 763 506 sedtamen
777 439 878 526 [rard]
892 439 1091 528 habetetiam

116 549 146 612 in
169 546 311 612 oratione
332 549 488 631 poeticum
506 547 629 629 aliduod
645 546 772 610 verbum
788 543 1004 630 dignitatem'
1028 541 1092 606 Ne·

115 671 177 733 qua
189 649 273 716 enim
286 649 357 714 illud
371 651 501 736 fugerim
512 651 625 727 dicere,
637 660 670 714 ut
682 649 808 727 Cealius,
824 647 894 722 uuo
913 657 1091 731 tempestate

117 755 236 821 Planus
251 755 283 818 ire
298 754 424 820 Italiam
446 757 525 819 verrit
536 777 548 836 ,-
569 777 626 828 nec
642 753 773 839 prolem,
794 765 850 818 eut
871 751 1013 825 sobolem,
1035 762 1090 815 aut

19 889 22 905 ·
57 903 60 910 ·
117 859 220 946 effml,
232 869 286 922 aut
297 859 487 944 nuncupari:
511 871 574 936 aut,
589 872 622 923 ut
635 859 769 936 tusciae,
781 857 904 932 Catule,
918 853 1092 930 noorebur,

16 993 22 1034 r
118 973 175 1026 out
191 961 361 1047 opinabor3
384 975 416 1028 et
431 963 491 1027 alia
507 963 614 1039 multa,
628 963 738 1044 quibus
754 963 824 1026 loco
839 961 956 1046 positis,
970 960 1093 1044 grandi·

17 1081 18 1091 ¹
119 1088 153 1131 ur
170 1076 264 1148 atque
285 1068 437 1150 antiquior
460 1068 560 1131 oratio
582 1060 665 1151 sape
680 1066 775 1130 videri
797 1066 884 1130 solet.
928 1058 1092 1128 Novantur

116 1182 224 1234 autem
239 1169 343 1247 verba,
365 1193 436 1254 quae
459 1170 499 1234 ab
523 1193 571 1248 eo,
594 1171 646 1253 qui
668 1169 753 1247 dicit,
775 1171 842 1256 ipso
862 1169 1031 1256 gignuntur
1052 1189 1090 1231 uc

11 1315 12 1320 κ
116 1275 205 1351 fiunt,
220 1273 267 1337 vel
283 1275 508 1359 conjungendis
524 1273 634 1350 verbis,
650 1285 682 1338 ut
699 1275 784 1338 haec:
844 1327 852 1370 Ι.

209 1443 274 1491 Tum
285 1459 358 1507 pavor
369 1445 509 1506 sapientiam
518 1458 614 1492 omnem
626 1443 685 1492 mihi
696 1443 832 1492 exanimato
843 1446 991 1508 expectorat.

210 1524 280 1574 Num
291 1541 338 1574 uon
349 1529 386 1576 vis
396 1527 470 1590 hujus
482 1541 521 1574 ms
532 1526 708 1588 versutiloquas
719 1525 820 1573 malitias
833 1521 927 1562 ὲ·-

11 1737 15 1772 2
115 1693 226 1758 videtis
242 1695 324 1758 enim
340 1707 372 1757 et
386 1694 621 1778 versutiloquas,
636 1704 667 1757 et
682 1705 871 1777 expectorat,
891 1714 929 1756 ex
944 1693 1091 1777 conjunc·

11 1837 15 1876 ἶ
117 1799 204 1862 tione
216 1797 301 1861 facta
313 1820 380 1862 esse
393 1785 497 1874 verba,
510 1819 571 1862 non
585 1809 670 1864 nata.
703 1797 759 1862 Vel
772 1800 856 1882 saeple
867 1797 932 1862 sine
944 1796 1091 1882 conjunc-

117 1903 214 1976 tione,
230 1901 340 1986 [verba
351 1903 528 1988 novantun]
538 1915 571 1966 ut
585 1902 653 1988 [ille
664 1901 777 1978 senius,
788 1913 832 1978 ut,
844 1901 901 1965 Dii
908 1900 1091 1984 genitalem

11 2071 13 2084 ,
117 2019 163 2081 ut,
185 2005 347 2082 barcarum
362 2005 499 2069 obertate
514 2005 732 2071 incurvescere.
776 2005 900 2069 Tertius
916 2004 965 2068 ille
981 2004 1092 2067 modus

117 2109 324 2174 transferendi
336 2109 420 2174 verbi
429 2110 491 2173 latia
507 2121 604 2192 patet,
615 2129 709 2191 quem
721 2109 889 2173 necessitas
898 2107 1016 2192 genuit,
1026 2106 1091 2170 ino-

117 2213 170 2297 pia
189 2224 303 2278 coacta
329 2226 360 2277 et
374 2213 544 2298 angustiis3
567 2216 637 2298 prist
651 2223 755 2277 autem
769 2212 937 2276 delectatio
947 2209 1091 2297 jucundi·
1177 2219 1183 2227 '

118 2329 229 2400 tasque
253 2319 430 2383 celebravit.
474 2319 570 2396 Nam,
592 2331 625 2382 ut
647 2319 748 2394 vestis,
774 2317 893 2401 frigoris
914 2315 1091 2400 depellendi

118 2422 215 2487 causei
226 2423 469 2506 reperta'primd‚
484 2424 555 2506 pdst
567 2421 705 2486 adhiberi
718 2433 823 2506 coepta
835 2433 882 2485 est
894 2421 933 2485 ad
947 2432 1091 2485 ornatum

118 2527 214 2590 etiam
231 2527 368 2610 corporis
381 2539 411 2590 et
423 2526 629 2610 dignitatem
649 2525 694 2590 sic
706 2527 790 2590 verbi
801 2525 962 2590 translatio
974 2524 1093 2589 institu-

119 2641 152 2694 ta
168 2641 224 2693 est
246 2630 358 2714 inopiae
383 2629 486 2704 causi,
512 2628 708 2714 frequentata
732 2629 959 2694 delectationis.
1006 2627 1092 2691 Nam

119 2859 173 2903 am
188 2838 292 2902 rustici
306 2838 423 2904 dicunt.
467 2839 564 2908 Quod
581 2837 664 2901 enim
679 2835 831 2901 declarari
846 2837 893 2899 vir
909 2835 1003 2898 verbo
1024 2853 1092 2918 pro·

118 2943 187 3027 prio
199 2952 313 3025 potest,
323 2942 354 3006 id
367 2942 517 3006 translato
530 2943 600 3005 oiim
613 2951 660 3005 est
671 2941 800 3017 dictum,
812 2939 940 3005 illustrat
951 2937 993 3015 id,
1006 2937 1091 3022 quod

117 3045 249 3131 intelligi
264 3045 414 3123 volumus,
434 3045 498 3132 ejus
514 3044 568 3122 rei,
587 3055 681 3130 quam
698 3044 799 3108 alieno
814 3041 910 3108 verbo
925 3043 1093 3127 posuimus,

117 3147 298 3214 similitudo.
343 3150 427 3234 Ergo
451 3150 499 3213 hoe
521 3147 748 3226 translationes,
774 3147 861 3230 quasi
883 3146 1093 3211 mutuationes

117 3263 203 3330 sunt,
219 3256 302 3331 cum,
317 3254 399 3339 quod
413 3275 475 3318 non
489 3254 617 3329 habeas,
632 3251 755 3318 aliunde
766 3273 880 3317 sumas.
922 3250 987 3314 lllae
999 3249 1094 3334 pauli>

118 3359 315 3437 audaciores,
325 3379 467 3441 quaenon
478 3343 776 3444 inopiamindicant‚
786 3357 841 3420 sed
851 3355 1092 3440 orationisplen·

117 3463 204 3530 doris
219 3462 332 3546 aliquid
349 3473 526 3527 arcessunt:
548 3481 678 3546 quarum
689 3481 750 3546 ego
762 3459 836 3543 quid
848 3458 933 3522 vobis
946 3470 999 3524 aut
1010 3458 1092 3524 inre·

117 3569 227 3639 aiendi
249 3567 413 3642 rationem,
435 3577 488 3628 aut
505 3587 632 3654 genera,
654 3566 793 3651 ponam?

581 3671 639 3737 19*
