2400 3980
48 108 52 116 “
123 105 162 168 28
377 123 420 166 on
436 123 591 165 osacen
608 123 706 164 uinea
728 115 882 166 narsus-¹

121 271 224 346 batur,
240 283 275 334 ιιι
289 269 430 333 omnino·
447 269 488 333 de
505 269 551 333 lris
567 267 671 344 rebus,
686 267 813 344 Crasse,
831 269 1009 352 loquerere,
1034 291 1122 336 assa·

120 373 185 436 cuti
201 393 327 450 sumnus
348 374 390 437 de
416 373 537 455 reliquo
558 373 626 456 jam
643 383 752 434 nostra
778 371 874 454 culpa
892 372 996 448 suerit,
1023 374 1049 435 si
1076 385 1122 446 te,
1176 371 1179 466 i

122 497 180 540 nm
197 497 315 552 omnia,
330 497 403 560 quae
419 487 599 560 percontati
614 495 742 550 erimus,
766 475 944 558 elplicaris,
966 475 1122 538 dimiseri-
1177 498 1180 576 Ι

121 599 201 647 mus
209 580 297 693 Ρι
313 580 370 656 his,
394 579 503 654 credo,
530 579 633 653 rebus,
657 578 760 660 inquit
784 577 928 655 Crassus,
952 589 988 642 ut
1004 577 1036 641 in
1052 597 1123 642 cre·
1178 579 1181 690 1

75 671 259 751 ιῗιιιιιιὶιιιι
274 675 368 748 torrbr
383 682 474 757 solet
500 703 621 751 numus
646 703 758 755 ιιιιιιι,
780 703 986 752 roauaoeuu.
1031 679 1121 744 Tum
1179 692 1182 774 l

122 787 184 864 ille,
199 787 351 869 Namque
363 786 450 868 quod
466 797 500 848 tu
516 805 579 850 non
597 786 725 868 poteris,
741 796 796 849 aut
812 784 946 859 nescies,
960 783 1030 866 quis
1048 803 1124 845 nos·
1182 790 1183 866 l

122 893 204 954 trllm
216 903 284 954 tam
299 889 467 972 impudens
483 899 542 962 est,
557 890 609 970 qui
625 909 659 952 se
676 887 756 952 scire
773 897 828 950 aut
844 909 938 969 posse
956 886 1184 970 postuletll

164 974 343 1068 Jamvero,
365 991 423 1054 tue
448 991 644 1066 conditione,
670 991 746 1053 dum
775 991 850 1053 milri
875 990 971 1054 liceat
998 1009 1122 1072 negare
1184 985 1185 1050 l

123 1115 216 1179 posse
231 1096 318 1178 quod
334 1115 398 1158 non
426 1107 549 1178 potero,
571 1107 604 1158 et
619 1094 709 1157 fateri
726 1095 848 1158 nescire
863 1093 949 1175 quod
966 1093 1124 1166 nesciam,
1185 1085 1186 1146 l

122 1198 208 1273 licet,
228 1197 330 1280 inquit
344 1197 488 1272 Crassus,
510 1209 615 1260 vestro
625 1197 779 1260 arbitratu
793 1195 1033 1279 percontamini.
1050 1179 1125 1257 'As

124 1321 198 1381 que,
223 1301 324 1385 inquit
340 1300 509 1384 Sulpicius,
528 1300 590 1362 hoc
605 1300 743 1383 primum
758 1321 799 1368 ea
815 1310 858 1382 te,
884 1301 926 1364 de
941 1299 1124 1383 quomodo
1187 1289 1188 1300 ³

124 1403 282 1468 Antonius
297 1403 452 1488 exposuit,
468 1403 543 1485 quid
559 1403 688 1480 sentias,
703 1402 895 1484 quissimus:
918 1401 1125 1466 existimesne
1188 1387 1189 1396 ἵ

126 1517 225 1572 artem
243 1507 384 1591 aliquam
400 1527 469 1570 esse
485 1506 622 1570 dicendi.
668 1505 782 1576 Quidl
806 1506 882 1569 mihi
898 1525 983 1570 nunc
995 1525 1062 1582 vos,
1078 1505 1126 1569 in·

126 1611 195 1691 quit
210 1611 354 1685 Crassus,
369 1621 523 1691 tanquam
541 1608 635 1672 alicui
650 1608 801 1674 Grmculo
817 1609 920 1673 otioso
936 1619 967 1672 et
982 1609 1125 1691 loquaci,

126 1719 159 1774 et
173 1711 307 1775 fortasse
319 1713 418 1775 docto
434 1724 530 1794 atquc
552 1713 685 1788 erudito,
711 1712 987 1796 questiunculam,
1002 1712 1043 1776 de
1059 1712 1126 1794 qud

127 1837 200 1880 meo
213 1815 366 1880 arbitratu
377 1813 500 1896 loquar,
516 1816 654 1898 ponitisl
678 1816 823 1886 Quando
836 1816 920 1880 enim
933 1837 984 1880 me
997 1815 1057 1879 ista
1070 1837 1126 1880 cu·

128 1919 222 1995 resse,
247 1928 302 1982 aut
317 1917 475 2003 cogitasse
491 1919 698 1994 arbitramini,
724 1931 756 1982 et
772 1941 836 1983 non
852 1939 979 2002 semper
994 1919 1127 1983 irrisisse

129 2023 233 2105 potius
248 2043 358 2088 eorum
371 2022 534 2086 hominum
552 2021 796 2106 impudentiam,
812 2023 876 2105 qui,
888 2026 962 2086 clun
973 2022 1129 2086 inschold

130 2126 332 2203 assedissem,
347 2147 385 2190 ex
402 2125 519 2210 magnai
537 2126 701 2189 hominum
718 2125 898 2208 frequenti!
916 2127 1023 2190 dicere
1034 2125 1129 2210 jube·

78 2266 85 2280 =
130 2242 210 2308 rent,
222 2233 246 2296 si
261 2231 330 2315 quis
346 2230 422 2314 quid
437 2230 615 2313 quaereretl
639 2229 738 2298 Quod
753 2230 889 2312 primum
905 2229 1009 2293 lerunt
1021 2229 1130 2294 Leon·

131 2336 230 2400 tinum
247 2336 360 2399 secisse
386 2334 561 2417 Gorgiam,
584 2332 637 2415 qui
654 2353 863 2416 permagnum
891 2332 1045 2414 quiddam
1062 2353 1132 2396 sus·

131 2439 237 2519 cipere
254 2457 293 2499 ec
309 2436 448 2518 profiteri
469 2437 645 2511 videbatur,
661 2439 734 2498 clim
751 2457 785 2499 se
802 2435 978 2512 adomnia,
1003 2437 1045 2499 de
1061 2438 1132 2519 qui-

132 2539 190 2602 bus
217 2539 350 2620 quisque
377 2539 485 2602 audire
514 2540 616 2615 vellet,
642 2561 711 2603 esse
739 2549 884 2622 paratum
912 2539 1131 2606 denuntiaret.

110 2657 114 2662 ·’
134 2641 250 2704 Postea
265 2641 339 2705 vero
365 2642 459 2726 vulgo
476 2643 538 2705 hoc
563 2642 669 2706 faeere
695 2655 873 2724 coeperunt,
899 2642 1059 2724 hodieque
1087 2644 1134 2707 fa·

134 2744 231 2821 ciunt,
243 2756 277 2809 ut
293 2746 379 2809 nulla
394 2747 432 2810 sit
448 2767 507 2821 res,
522 2767 628 2828 neque
640 2757 743 2821 tanta,
755 2767 859 2828 neque
870 2756 937 2809 tam
947 2746 1133 2828 improvisa,

134 2869 238 2932 neque
253 2863 320 2914 tem
337 2873 431 2927 nova,
445 2851 486 2914 de
496 2849 559 2933 qud
569 2871 603 2912 se
619 2871 683 2912 non
700 2851 818 2925 omnia,
828 2871 900 2931 qum
910 2850 972 2914 dici
986 2863 1133 2932 possunt,

135 2953 342 3033 profiteantur
368 2975 437 3017 esse
452 2955 602 3016 dicturos.
648 2952 789 3020 Quodsi
812 2965 855 3028 te,
873 2953 984 3027 Cotta,
999 2953 1133 3020 arbitra·

136 3074 195 3128 ιιι,
211 3045 266 3115 aut'
281 3064 323 3127 te,
339 3055 470 3136 Sulpici,
485 3056 525 3119 de
542 3054 576 3117 iis
592 3055 686 3118 rebus
703 3055 811 3120 audire
823 3057 913 3132 velle,
926 3055 1131 3120 adduxissem

136 3156 199 3220 lruc
215 3156 364 3220 Graecum
381 3157 531 3238 aliquem,
541 3159 595 3239 qui
605 3179 661 3222 vos
673 3160 848 3222 istiusmodi
863 3159 1134 3242 disputationibus

136 3259 331 3324 delectaret:
360 3260 447 3342 quud
474 3281 515 3324 ne
540 3281 627 3328 nune
649 3263 779 3342 quidam
805 3261 933 3324 difficile
950 3261 1048 3326 'factu
1074 3275 1134 3329 est.

138 3361 196 3424 Est
211 3361 295 3425 enim
312 3362 397 3444 apud
411 3361 456 3425 M.
473 3362 634 3437 Pisonem,
647 3365 885 3428 adolescentem
898 3364 967 3446 jam
981 3364 1054 3428 huic
1071 3377 1136 3430 stu·

139 3463 193 3527 dio
208 3463 362 3536 deditum,
385 3485 512 3527 summo
528 3464 689 3527 hominem
705 3467 844 3550 iugenio,
870 3469 1032 3549 nostrique
1049 3471 1137 3551 cupi·

141 3564 316 3640 dissimum,
341 3565 569 3648 peripateticus
596 3565 739 3642 Staseas,
761 3569 858 3634 homo
874 3569 980 3638 nobis*
993 3573 1071 3639 sane
1091 3571 1137 3639 l'a·
