2400 3980
120 35 126 51 Ι
214 71 265 88 1,.
343 55 369 70 ··“
419 9 511 79 (sara
554 62 558 72 ·
612 57 630 83 ⁹,
663 57 704 87 r'ss
748 45 928 114 fustist!

45 83 63 96 ”
92 69 158 154 22
194 74 234 92 ἰ
347 81 821 162 usonrronnururrn'rrrrrus.
912 115 915 124 ¹

93 257 277 340 complexus
301 279 354 332 es,
376 255 691 338 vicentinensem
717 255 746 318 ei
772 254 901 327 tribuas,
922 251 1016 334 quam
1035 265 1088 309 res

94 372 126 423 et
141 360 256 440 verites
267 360 335 442 ipsa
352 359 521 424 concedat.
1060 441 1062 446 Ι
1087 365 1090 372 ’

138 460 202 524 Hic
215 461 359 536 Crassus
374 461 551 534 Memento,
567 459 677 543 inquit,
694 459 868 521 menende
882 455 1030 532 mee‚sed
1042 455 1089 516 de

95 563 227 626 oratoris
238 563 390 625 facultate
403 563 526 625 dixisse.
572 561 661 630 Quid
674 561 757 624 enirn
771 581 829 622 nos
841 570 895 620 aut
907 557 1092 631 didicimuS,

98 677 151 728 aut
167 666 246 728 scire
260 667 429 748 potuimus,
442 665 494 747 qui
508 667 581 726 ante
598 665 639 726 ed
655 664 827 746 egendum,
842 663 938 744 quarn
954 661 994 723 ad
1011 681 1092 741 cog-

97 769 293 831 noscendum
305 767 462 828 venimus:
475 766 592 850 quosin
602 766 768 848 for0‚quos
778 768 808 840 in
817 765 1094 847 ambitione,quos

98 867 1095 963 inr'epublica,quosinamicorumnegotiisresipspantecon·

98 972 183 1046 fecit,
196 973 291 1054 quem
309 993 473 1054 possemus
490 971 607 1054 aliquid
634 971 675 1033 de
691 971 783 1034 rebus
808 970 913 1034 tantis.
926 969 1094 1051 suspicari.

100 1076 199 1144 Quod
216 1075 241 1136 si
254 1075 308 1137 tibi
325 1085 448 1136 tantum
471 1075 500 1137 in
515 1075 605 1137 nobis
616 1074 738 1137 videtur
750 1095 830 1149 esse,
843 1073 956 1157 quibus
966 1071 1095 1134 etiarnsi

72 1209 74 1212 ·
100 1179 273 1261 ingenium,
284 1191 317 1240 ut
328 1190 360 1239 tu
373 1189 475 1260 patae,
486 1199 548 1240 non
560 1177 697 1240 maxime
716 1176 826 1253 defuit,
838 1177 984 1238 doctrine
994 1184 1096 1250 certe,

99 1293 131 1342 ot
148 1281 258 1356 otium,
269 1291 311 1354 et,
324 1279 461 1355 hercule,
474 1279 569 1343 etiarn
583 1280 721 1344 studium
736 1279 808 1342 illud
820 1277 963 1340 discendi
979 1278 1097 1340 acerri-

102 1405 187 1446 mum
205 1383 322 1446 deluit:
340 1383 414 1466 quid
431 1405 554 1458 censeS,
565 1385 589 1445 si
601 1383 640 1445 ad
652 1381 782 1465 alicujus
794 1381 956 1464 ingenium
967 1380 1015 1443 vel
1027 1401 1096 1444 ma·

98 1488 159 1569 jus,
168 1486 231 1562 illo,
243 1507 315 1569 quae
325 1508 387 1568 ego
397 1508 461 1548 nou
473 1486 573 1568 attigi,
583 1484 795 1548 accesserint?
811 1483 937 1568 qualern
951 1483 1049 1559 illum,
1061 1497 1098 1547 et

104 1599 257 1670 quantum
275 1599 432 1650 oratorem
450 1588 611 1650 suturuml

146 1689 265 1751 XVIII.
289 1689 373 1752 Tun'r
388 1689 556 1766 Antonius,
566 1690 686 1753 Probas
698 1691 783 1764 milri,
793 1691 904 1774 Inquit,
919 1673 990 1766 ista,
1003 1677 1099 1754 Cras-

104 1814 148 1866 se,
172 1792 347 1874 quaedicis:
371 1792 566 1868 necdubito,
589 1793 663 1876 quin
678 1792 776 1873 multo
800 1792 987 1875 locupletior
1007 1791 1038 1854 in
1051 1793 1100 1855 di·

104 1895 209 1956 cende
221 1895 341 1956 suturus
353 1894 402 1969 sit,
412 1895 436 1957 si
453 1894 521 1978 quis
535 1896 676 1976 emolum
690 1917 793 1958 rerum
804 1905 900 1978 atque
917 1895 1032 1956 artium
1049 1916 1100 1958 ra-

104 1998 223 2054 tionem
241 2002 452 2073 naturamque
478 1997 765 2078 cernprelrenderit.
811 1997 876 2054 Sed
905 1997 1040 2074 primiani
1065 1997 1099 2058 id

105 2092 233 2154 difficile
249 2104 295 2154 est
311 2093 408 2168 sactu,
424 2095 596 2176 praesertim
614 2094 643 2156 in
669 2095 731 2157 hac
753 2095 860 2156 nostris
875 2095 948 2170 vitis,
971 2095 1101 2160 nostris·

106 2217 167 2278 que
194 2197 476 2277 occupationibus:
500 2196 615 2259 deinde
641 2197 715 2258 illud
727 2198 828 2283 etiam
850 2199 1104 2276 verendumest,

68 2286 76 2294 ’
107 2299 381 2361 neebstrahomur
408 2301 449 2361 ab
475 2300 536 2362 hae
557 2300 795 2374 exercitatione,
821 2310 853 2362 et
868 2301 1102 2365 consuetudine

107 2400 235 2462 dicendi
251 2401 394 2481 populari
410 2413 440 2462 et
463 2401 586 2464 sorensi.
633 2401 727 2464 Aliud
744 2403 827 2464 enirn
845 2403 918 2464 milri
935 2403 1102 2486 quoddam

108 2524 208 2586 genus
225 2503 374 2564 orationis
391 2525 459 2566 esse
475 2503 596 2565 videtur
612 2525 720 2568 eorum
739 2505 914 2581 hominurn,
929 2507 970 2568 de
986 2507 1103 2590 quibus

18 2651 21 2658 .
110 2605 204 2689 paulo
222 2607 294 2667 ante
311 2606 423 2678 diuisa,
436 2606 579 2688 quamvis
595 2606 635 2667 illi
652 2609 763 2669 ornate
778 2620 815 2685 et
826 2609 972 2690 graviter,
989 2620 1045 2672 aut
1060 2612 1102 2674 de

110 2708 223 2772 nature
237 2731 351 2783 rerum,
368 2720 423 2770 aut
438 2709 478 2770 de
505 2708 651 2770 humanis
678 2709 772 2774 rebus
794 2709 976 2792 loquentur.
1022 2712 1103 2796 Niti;

110 2813 186 2874 duni
213 2805 376 2894 quoddam
403 2833 504 2894 genus
528 2824 576 2873 est
600 2811 766 2874 verborum
793 2823 826 2874 et
841 2813 960 2888 laetum,
975 2815 1032 2876 sed
1051 2835 1103 2896 pa·

111 2914 223 2984 laestrae
239 2915 343 2994 magis
358 2926 390 2976 et
417 2915 488 2990 olei,
504 2917 598 2996 quam
616 2915 706 3000 liujus
722 2914 818 2977 civilis
844 2916 946 2977 turbae
970 2937 1008 2979 ac
1034 2917 1103 2981 sori.
1159 2939 1163 2948 ·

112 3015 262 3098 Namque
278 3027 420 3098 egomet,
434 3017 491 3099 qui
500 3017 581 3091 sord,
594 3025 633 3078 ac
645 3015 753 3079 leviter
770 3012 1018 3080 Greeeesliteras
1036 3023 1104 3082 atti·

111 3119 237 3201 gissem,
250 3131 358 3180 tamen
376 3121 448 3180 cirrn
464 3140 519 3201 pro
536 3119 709 3182 consulein
737 3119 881 3182 Ciliciam
899 3121 1105 3202 proficiscens

113 3221 256 3284 Athenas
273 3221 438 3295 venissem,
454 3221 633 3302 complures
660 3232 726 3282 turn
743 3221 785 3283 ibi
808 3207 875 3284 dies
891 3245 959 3284 sum
978 3237 1106 3308 propter

109 3309 285 3406 navigandi
309 3321 529 3386 difficultatem
557 3335 793 3385 commoratus:
816 3324 883 3399 sed,
907 3327 980 3387 cinn
1006 3329 1107 3408 quoti·

14 3432 18 3501 ζ
113 3425 164 3488 die
182 3445 307 3488 mecum
325 3426 475 3488 haberem
488 3423 633 3486 homines
648 3425 859 3501 doctissimos,
872 3448 927 3490 eos
938 3428 1001 3492 fere
1012 3429 1106 3510 ipsos,

17 3558 20 3569 ·
115 3527 168 3609 qui
184 3527 295 3595 abs-te
323 3527 419 3589 modo
445 3538 518 3590 sunt
542 3525 708 3602 nominati,
733 3530 871 3612 cumque
899 3531 972 3606 hoe,
998 3533 1106 3596 nescio

18 3617 21 3655 l
