2466 3966
125 109 185 184 120
346 127 388 168 uu
413 111 892 168 oasrmuuraunsnuorrous.
951 121 971 191 j

121 271 253 338 coasilio
269 271 407 334 senatus,
453 271 510 334 Sin
526 293 564 334 ex
579 195 749 344 vdiibbb,
764 279 798 331 ut
815 268 942 330 Carbo:
965 267 991 329 si
1006 265 1121 328 consul

28 375 33 382 “
122 385 181 452 est,
204 373 257 455 qui
273 373 408 438 consulit
425 374 546 456 patriae,
572 370 648 455 quid
663 367 849 434 aliud't'ecit
866 367 1034 451 Opimius?
1057 367 1120 431 Sin

122 477 164 540 ab
190 497 241 552 eo,
266 476 352 558 quod
376 496 442 540 rem
460 477 609 559 attingat,
635 475 739 556 piures
765 481 1119 554 sunt-argumentorum
1215 475 1219 481 “

121 580 213 642 sedes
226 599 265 640 ac
281 576 361 640 ioci:
385 599 460 640 nam
477 590 510 640 et
525 578 699 661 conjuncta
719 595 907 656 quaeremus,
933 585 965 636 et
986 591 1120 656 genera,

121 692 154 743 ct
169 690 276 762 partas
291 679 461 762 generibus
473 679 688 762 subjecisset
703 678 931 750 similitudines,
944 687 976 740 et
987 673 1121 738 dissimi·
1219 737 1225 762 4

120 783 279 856 iitudines,
295 792 327 844 et
342 782 513 857 contraria,
536 790 569 845 et
584 779 825 862 consequentia,
840 791 873 842 et
888 789 1120 850 consentanea,
1203 845 1206 862 Ι
1224 807 1225 810 “

120 898 154 948 et
169 885 259 965 quasi
282 884 518 964 praec'urrentia,
542 895 573 946 et
590 883 813 965 repugnantia,
835 892 867 944 et
883 901 997 945 causas
1014 899 1121 942 rerum

120 985 356 1068 vestigabimus,
372 995 404 1047 et
420 1006 470 1060 ea,
486 1005 557 1065 quae
572 1005 610 1050 ex
626 985 730 1048 causis
742 995 812 1048 orta
823 993 915 1056 sunt3
926 994 969 1048 et
986 982 1120 1064 majora,
1220 983 1225 996 ⁴

121 1089 222 1172 pariit,
236 1087 572 1272 minorarssuaef'ffllfls

165 1189 236 1252 XL.
254 1189 301 1250 Ex
313 1187 374 1251 con
412 1185 492 1252 nctrs
504 1183 549 1252 sic
563 1200 750 1272 argumenta
762 1191 938 1252 ducuntur
966 1209 991 1252 ει
1007 1187 1119 1269 pretatr
1224 1225 1225 1232 ι

121 1311 245 1354 summa
258 1291 427 1354 tribuenda
447 1292 515 1354 laus
525 1301 589 1374 cst,
604 1291 728 1356 debetis
745 1289 875 1385 moveri,
897 1292 970 1352 crim
988 1289 1031 1357 Q
1049 1288 1119 1350 Me·

121 1393 231 1457 tellum
247 1403 312 1455 tam
341 1395 391 1507 pie
408 1392 515 1477 lugere
544 1393 686 1458 videatis
732 1393 781 1456 Ex
803 1363 926 1476 genera
942 1401 1068 1458 autem:
1093 1391 1118 1452 si

121 1495 326 1582 magistratus
352 1495 383 1557 in
405 1495 524 1578 populi
539 1495 678 1558 Romani
705 1505 865 1576 potestate
892 1515 961 1558 essc
988 1493 1118 1566 debent,

20 1664 29 1680 Ι
121 1597 197 1678 quid
213 1597 403 1658 Norbanum
419 1617 563 1671 accusas,
584 1589 673 1679 ¹cujus
689 1596 867 1658 tribunatus
893 1593 1049 1669 voluntati
1065 1615 1118 1676 pa·

121 1697 181 1759 ruit
197 1695 355 1758 civitatis?
379 1697 427 1756 En
445 1707 534 1778 parte
551 1709 658 1760 autem
676 1696 724 1772 ed,
748 1718 820 1778 quae
836 1708 884 1759 est
905 1697 1050 1780 subjecta
1065 1717 1119 1779 ge·

121 1792 206 1860 neri:
229 1797 254 1859 si
270 1817 393 1872 omnes,
408 1799 460 1877 qui
476 1798 657 1881 reipublicae
671 1799 850 1873 consulunt,
863 1797 928 1863 cari
944 1799 1035 1862 nubis
1047 1819 1117 1862 esse
1204 1838 1211 1850 ι

121 1901 251 1975 debent,
278 1903 364 1964 certe
380 1900 410 1963 in
438 1901 545 1983 primis
572 1901 790 1984 imperatores,
816 1921 950 1980 quorum
970 1900 1118 1975 consiliis,

121 2003 245 2078 rirtute,
260 2002 416 2085 periculis,
443 2003 614 2069 retinemus
632 2015 670 2091 et
676 2013 825 2103 npstram
842 2003 988 2078 salutern,
1014 2015 1045 2066 et
1063 2004 1116 2068 im

121 2105 411 2190 periidignitatem.
456 2089 854 2168 Exsrmrirtudrneautcm
881 2105 1149 2187 siteraeparrus,
1217 2177 1221 2185 ,

121 2230 194 2272 suos
210 2208 354 2292 diligunt,
367 2229 429 2290 qua
445 2229 502 2270 nos
518 2209 548 2270 in
565 2208 680 2271 liberos
696 2183 820 2271 nostros
835 2207 1033 2290 induigentia
1047 2229 1115 2270 esse

121 2310 300 2373 debemus?
325 2322 358 2373 at
384 2333 422 2374 err
449 2311 719 2374 dissimilitudine:
742 2309 767 2372 si
790 2311 997 2374 barbarorum
1021 2323 1068 2372 est
1084 2310 1114 2372 in
1206 2375 1214 2386 ,

119 2411 204 2474 diem
222 2412 336 2486 vivere,
362 2426 471 2474 nostra
494 2413 627 2476 consilia
642 2414 868 2496 sempiternum
886 2425 1011 2493 tempus
1027 2433 1115 2492 spec·

120 2525 188 2576 tare
202 2512 333 2574 debent.
380 2513 485 2592 Atque
508 2525 643 2595 utroque
659 2517 689 2576 in
705 2535 824 2598 genere
840 2526 873 2578 et
895 2515 1114 2588 simiiitudinis,

120 2627 152 2678 et
167 2613 436 2690 dissimilitudinis,
462 2616 609 2698 exempla
635 2628 707 2680 sunt
722 2639 760 2680 ex
783 2617 916 2681 oliorum
931 2617 1043 2692 factis,
1060 2628 1114 2700 aut
1206 2635 1225 2678 ἰ

119 2719 221 2796 dietis,
237 2731 292 2782 aut
307 2719 438 2794 eventis,
454 2730 485 2781 et
501 2717 585 2781 fictae
611 2722 809 2784 narrationes
833 2723 918 2804 saepe
945 2722 1111 2804 ponendae.

119 2821 137 2883 J
141 2842 193 2883 am
202 2843 240 2884 ex
251 2817 426 2884 contrario:
441 2821 467 2906 si
478 2821 645 2886 Gracchus
655 2821 783 2898 nefarie,
794 2823 946 2905 praeclare
959 2822 1123 2905 Opimius

119 2921 168 2984 Ex
184 2925 471 3004 consequentibus.
495 2924 519 2986 si
537 2935 569 2988 et
584 2924 666 2988 serto
681 2924 865 2990 interfectus
881 2926 941 3000 iile,
965 2937 997 2989 et
1011 2937 1044 2988 tu
1060 2925 1112 2988 ini·
1198 2937 1207 2952 ’

105 3031 218 3138 *micus
234 3025 300 3108 ejus
316 3048 389 3088 cum
406 3027 514 3108 gladio
536 3037 670 3093 cruento
685 3027 934 3108 comprehensus
951 3049 984 3090 es
1008 3028 1038 3090 in
1050 3027 1112 3099 iiio

76 3187 80 3192 .
118 3147 187 3209 ipso
202 3126 285 3200 locu,
301 3138 333 3190 et
357 3149 453 3190 nemo
470 3139 584 3211 praeter
610 3140 641 3192 te
658 3128 742 3190 rbr
717 3150 798 3190 vrsus
814 3138 873 3203 est
899 3139 931 3191 et
947 3150 1045 3192 causa
1062 3151 1130 3194 ne¹
1188 3157 1198 3192 .·

118 3229 204 3304 mini,
231 3239 262 3292 et
279 3239 312 3291 tu
327 3251 453 3312 semper
469 3233 596 3306 audax3
618 3230 693 3311 quid
718 3242 775 3306 est,
802 3230 888 3312 quod
904 3233 944 3296 de
971 3233 1110 3298 facinore

102 3329 263 3396 'dubitare
279 3331 457 3414 possimus?
481 3333 529 3396 Ειι
546 3333 781 3408 consentaneis,
794 3345 827 3397 et
838 3307 1111 3417 praecurrentibui,

116 3444 148 3496 et
164 3435 426 3518 repugnantibus,
452 3446 496 3522 ut
513 3434 598 3498 olim
614 3435 747 3498 Crassus
774 3437 981 3502 adolescens:
1004 3459 1067 3502 non
1087 3440 1108 3500 si
1193 3453 1198 3462 ’
1221 3455 1225 3467 ·

116 3536 280 3622 Opimium
294 3537 474 3613 defendisti,
490 3538 608 3614 Carbo,
629 3537 748 3602 idcirco
764 3540 860 3618 teisti
873 3542 994 3610 bonum
1010 3543 1108 3612 civem
