2400 3980
265 195 279 227 Ι,
298 157 342 200 mr
365 153 516 200 ossuusr.
539 155 635 235 crapas
658 157 787 220 rursus.
991 141 1030 200 39

22 277 24 298 .
48 227 478 388 qiuiffub‘ibfs'iioeiiicers
493 325 531 368 uc
547 233 732 370 tribilitili.L
751 288 846 372 blane
860 305 972 391 ipsam,
986 303 1030 370 in-

48 411 104 492 quit
120 409 304 496 Sulpiciuq,
329 406 421 472 ruisse
446 407 603 474 volumus:
626 419 767 474 attamen
793 407 862 486 ista,
886 429 955 492 quse
973 408 1030 474 ebs

48 529 72 578 te
82 514 230 582 breviter
246 513 288 578 de
305 523 373 576 urte
388 511 521 576 decursu
541 523 624 588 suot,
639 511 747 578 uudire
762 511 914 596 cupimus,
934 533 1031 594 quan·

48 629 230 702 quameunt
242 616 335 680 nobis
346 635 470 698 quoque
482 637 543 680 uon
560 615 709 682 inaudito.
753 614 869 682 Verum
884 615 1030 680 illumox:

48 743 139 800 nunc,
154 723 199 786 de
217 719 288 804 ipse
301 717 523 784 exercitatione
539 718 611 802 quid
628 721 753 799 sentias,
764 720 940 804 querimus.

87 823 252 892 xxxlrt.
277 822 434 906 Equidem
454 823 552 906 probo
579 825 647 900 istu,
673 825 803 916 Crassus
827 825 936 908 inquit,
962 843 1031 906 quae

50 951 98 996 ros
113 931 229 996 fucere
243 927 362 1004 soletis,
385 937 429 1002 ut,
443 926 538 992 caueri
553 928 655 1012 uliquis
676 929 777 1014 positi
791 927 943 994 consimili
958 947 1032 993 cau-

49 1055 153 1100 sarum
179 1051 293 1098 earum
318 1049 388 1113 quse
411 1019 449 1094 irr‘
471 1030 571 1096 lorum
585 1031 773 1111 deseruntur,
798 1033 910 1100 dicatis
936 1036 1055 1118 quem·

51 1136 187 1202 maxime
215 1136 257 1198 erl
281 1133 445 1200 veritatem
468 1136 725 1202 accommodute:
755 1137 809 1202 sed
835 1130 973 1221 plerique
998 1137 1030 1200 in

52 1241 109 1306 hoc
124 1259 245 1306 vocem
259 1237 366 1315 morlo,
382 1258 481 1320 neque
497 1257 569 1310 eam
583 1237 726 1318 scienter,
744 1250 776 1304 et
791 1240 868 1306 vires
883 1251 1030 1306 exercent

51 1365 131 1422 suas,
158 1354 193 1410 et
208 1342 324 1428 tingue
345 1339 538 1406 celeritatem
569 1341 709 1418 incitant,
734 1343 958 1425 verborumque
973 1343 1029 1430 iter

52 1446 179 1530 quentia
195 1445 401 1512 delectantur.
445 1444 481 1508 In
497 1443 651 1538 quo-lallit
666 1465 731 1528 eos,
756 1447 839 1528 quod
855 1442 1032 1520 audierunt,
1083 1437 1087 1446 ’
1104 1442 1109 1455 ’

52 1552 191 1618 dicendo
207 1550 360 1626 homines,
374 1559 408 1612 ut
422 1549 540 1624 dicunt,
555 1547 803 1647 efficerelsolerp.
847 1548 927 1614 Vere
944 1548 1028 1614 enlm

53 1656 147 1720 etium
175 1653 251 1718 illud
275 1653 396 1730 dicitur,
412 1622 863 1738 pebtrtisiteenss'ioiitses,
883 1659 1029 1740 perverse*

52 1757 195 1834 dicendo,
211 1755 366 1844 facillime*
381 1757 535 1841 consequi.
580 1757 798 1828 Quamobrem
822 1758 853 1824 in
872 1750 942 1824 istis
957 1759 1029 1844 ipsis

41 1845 340 1936 exercitationibus,
365 1858 424 1924 etsi
438 1859 511 1924 utile
526 1871 574 1926 est
588 1861 684 1925 etiam
698 1862 800 1928 subito
815 1865 898 1947 sepe
913 1861 1029 1936 dicere,

54 1979 160 2032 tamen
177 1964 252 2030 illud
272 1963 384 2041 utilius,
408 1974 510 2030 sumto
525 1964 627 2050 sputio
642 1966 683 2030 ad
705 1967 918 2051 cogitandum,
940 1952 1030 2050 puru-

54 2070 111 2134 rius
137 2079 234 2152 atque
261 2066 436 2133 accuratius
458 2066 571 2134 dicere.
615 2068 720 2153 Caput
740 2055 848 2134 autem
864 2079 922 2146 est,
945 2069 1029 2151 quod

55 2175 102 2254 (ut
113 2171 315 2256 veredicum)
331 2171 456 2237 minime
468 2171 612 2236 fecimus:
636 2172 774 2236 esteuim
789 2171 897 2256 magni
907 2171 1030 2246 laboris,

55 2295 149 2358 quem
161 2275 299 2359 plerique
311 2273 461 2359 sugimus:
485 2272 754 2358 quamplurimum
768 2273 913 2338 scribere.
958 2272 1030 2336 Sur·
1051 2356 1055 2373 ,

56 2401 112 2444 uus
130 2399 286 2455 orrruus,
310 2399 350 2442 un
367 2397 668 2443 euusrsurrssruus
695 2397 832 2442 urceum
859 2378 1064 2444 ursucronl‘

57 2505 105 2546 sc·
119 2501 306 2558 usurarum
328 2501 428 2562 neque
444 2481 567 2567 injuriis:
592 2502 665 2546 rrum
681 2483 704 2546 si
720 2481 855 2550 subitam
872 2493 904 2550 et
925 2463 1031 2550 fortui-

56 2585 314 2652 remorationem
341 2585 566 2650 commentatio
582 2597 614 2650 et
634 2588 786 2672 cogitatio
801 2587 891 2654 facile
916 2589 1031 2664 vincit,

55 2691 139 2758 huuc
154 2691 254 2776 ipsam
280 2688 422 2774 profecto
448 2689 572 2754 assidua
588 2711 626 2754 ac
650 2692 781 2776 diligens
806 2692 957 2776 scripturn
983 2714 1031 2756 su·

56 2795 188 2879 perubit.
226 2781 352 2858 ¹Omnes
367 2793 461 2869 enirn,
486 2791 549 2857 sive
566 2794 638 2858 artis
653 2805 724 2858 sunt
740 2793 810 2870 loci,
835 2794 898 2858 siva
913 2794 1030 2878 ingenii

56 2899 219 2983 cujusdam
236 2909 330 2979 utque
346 2896 528 2979 prudentie,
542 2896 594 2978 qui
606 2898 702 2960 modo
718 2896 821 2960 insunt
836 2897 866 2960 in
879 2896 917 2962 eb
932 2917 975 2975 re,
989 2883 1030 2962 ‹le

56 3005 116 3088 qua
128 3003 301 3077 scribimus,
313 3001 546 3085 unquirentibus
562 2999 661 3076 nobis,
673 3000 820 3082 omnique
836 3001 904 3066 acie
914 3001 1030 3087 ingenii

57 3107 342 3192 contemplantibus
357 3105 525 3170 ostendunt
541 3123 574 3165 se
600 3113 632 3166 et
647 3115 832 3170 occurrunt:
859 3127 1030 3189 omnesque

56 3211 229 3286 sententiae,
255 3209 410 3293 verbaque
425 3207 541 3283 omnia,
564 3225 634 3288 quae
649 3218 721 3271 sunt
742 3207 891 3294 cujusque
906 3209 1030 3294 generis

58 3313 190 3379 monime
206 3313 343 3388 illustria,
357 3312 414 3376 sub
430 3331 564 3376 ucumeo
580 3310 639 3374 stili
659 3310 793 3376 subeunt
809 3325 840 3378 et
854 3314 1029 3378 succedunt

58 3437 184 3484 necesse
198 3427 265 3482 est:
288 3426 353 3482 tum
369 3416 436 3500 ipsa
451 3413 619 3480 collocatio
634 3411 905 3500 conformatioque
921 3415 1029 3480 verbo·

58 3541 123 3584 rum
138 3518 294 3604 perficitur
318 3518 540 3594 inscribendo,
568 3537 630 3584 non
646 3517 782 3602 poetico,
806 3520 863 3587 sed
888 3518 1027 3600 quodam

59 3623 190 3690 oratorio
206 3643 335 3692 numero
347 3634 380 3690 et
395 3621 499 3690 morlo.
544 3620 624 3688 Haec
638 3631 720 3702 suut,
735 3641 805 3706 qum
827 3621 981 3689 clamores
995 3627 1027 3682 et
