2400 3980
3 119 5 238 l
90 241 92 246 ,

3 389 5 492 p
66 369 163 454 gebo,
178 369 655 473 neguepommittamputfdum
665 397 804 453 vereare,
819 389 852 440 tu
869 399 909 442 ne
924 379 965 444 sis
974 379 1060 462 inep-

67 483 127 548 tus,
143 453 430 560 mdestejiildes'!
440 455 555 541 “Trim'
572 467 633 557 ille,
649 479 733 561 Ego,
744 479 935 570 mehercule,
950 481 1060 563 inquit,

67 575 188 651 Caesar,
213 598 253 640 ex
269 579 418 644 omnibus
442 579 565 644 Latinis
581 581 693 658 verbis,
716 581 805 665 hujus
820 580 908 645 verbi
923 582 986 644 vim
1001 581 1060 646 -vel

65 679 240 742 maximam
255 699 381 763 semper
392 681 510 764 putavi,
525 701 619 762 quem
643 684 728 748 enim
744 683 953 766 nosiasptum
967 703 1061 746 voee-

66 799 148 856 mus,
163 780 188 844 is
204 781 280 844 milii
296 781 418 848 videtur
433 784 474 848 ab
487 783 549 848 hoe
560 805 677 848 nomen
692 786 810 850 habere
823 785 1059 866 ductumqudd

65 902 128 944 aon
153 882 193 946 sit
218 895 334 966 aptum
357 883 452 964 idque
473 884 504 946 in
530 886 683 950 sermonis
709 888 807 950 nostri
830 885 1077 952 consuetudine

65 983 187 1064 perlate
205 995 303 1066 patet.
347 984 501 1066 Numqui
518 995 584 1061 aut,
599 973 724 1068 tempus
740 987 815 1068 quid
831 989 980 1071 postulet,
994 1009 1058 1054 non

65 1083 162 1161 videt,
178 1096 233 1148 eut
247 1085 339 1168 plura
351 1085 499 1167 loquitur,
514 1097 569 1152 aut
579 1109 613 1152 se
628 1079 780 1165 ostentat,
795 1101 851 1154 aut
862 1109 985 1167 eorum,
995 1091 1060 1174 qui·

65 1187 200 1252 buseum
216 1198 275 1264 est,
300 1188 349 1251 vel
365 1188 540 1271 dignitatis,
565 1188 613 1256 vel
630 1187 802 1268 commodi,
823 1193 980 1284 rationem
994 1214 1060 1260 nan
1144 1270 1145 1274 Ἰ

2 1313 16 1571 p
66 1288 174 1374 habet,
187 1300 241 1352 aut
256 1289 393 1370 denique
409 1290 440 1352 in
456 1290 563 1370 aliquo
577 1311 696 1375 genere
709 1305 764 1356 aut
779 1273 988 1358 inconciririus
1004 1279 1060 1359 aut

288 226 332 272 aa
355 226 509 300 uarroas
533 227 632 275 arasa
660 229 841 278 secernas.
881 245 887 249 ·
1020 213 1059 276 79

26 1363 265 1466 fllnirtitrlitesr,
291 1392 316 1454 is
332 1391 458 1474 ineptus
472 1391 595 1456 dicitur.
640 1393 714 1456 Hoc
730 1393 805 1456 vitio
832 1396 996 1459 cumulate
1011 1405 1060 1460 est
1097 1479 1102 1485 Ι

17 1466 27 1520 s
64 1492 276 1556 eruditissima
291 1492 547 1556 illuGrmeorum
570 1494 676 1558 natio:
699 1494 808 1577 itaque
824 1497 909 1576 quod
925 1497 988 1560 vim
1004 1497 1059 1560 liu·

59 1595 112 1678 jus
134 1595 209 1658 mali
226 1595 331 1660 Graeci
347 1611 411 1658 non
427 1596 545 1672 vident,
572 1617 612 1659 ae
628 1613 745 1660 nomen
772 1599 900 1680 quidem
928 1598 957 1662 ei
983 1597 1066 1662 vitio

64 1697 301 1778 imposuerunt:
325 1698 460 1760 atenim
484 1719 608 1781 quaeras
623 1701 741 1774 omnia,
767 1701 928 1781 quomodo
952 1701 1058 1766 Graeci

64 1800 208 1882 ineptum
224 1799 396 1882 appellent,
412 1821 480 1864 non
491 1802 638 1884 reperies.
682 1801 835 1866 Omnium
847 1814 955 1870 eutem
972 1804 1059 1888 inep-
1139 1817 1147 1824 ·

63 1901 190 1978 tiorum,
216 1922 288 1983 quae
303 1914 375 1966 sunt
391 1903 645 1978 innumerabiles,
672 1904 757 1966 haud
771 1906 851 1981 scio,
878 1927 918 1968 aa
939 1905 1059 1990 [nulls]
1098 1981 1102 1990 ¹

63 2005 104 2070 sit
120 2005 231 2089 major,
255 2004 499 2086 qaum-illosum,
515 2006 567 2086 qui
583 2005 699 2080 solent,
721 2015 911 2088 quoeunque
928 2009 958 2070 in
975 2007 1059 2083 loeo,

64 2127 274 2189 quoscunque
293 2107 373 2170 inter
386 2107 529 2170 homines
545 2108 644 2170 visum
661 2117 719 2180 est,
741 2108 782 2170 de
799 2108 893 2170 rebus
909 2119 963 2170 eut
978 2107 1058 2170 diffi-

64 2208 197 2284 cillimis,
210 2219 264 2271 aut
280 2218 342 2270 no¹n
359 2208 555 2282 necessariis,
571 2208 768 2290 argutissime
791 2208 971 2291 disputare:
995 2209 1057 2284 lroe

63 2333 123 2375 nos
150 2311 191 2374 ab
207 2310 272 2374 istis
288 2309 544 2376 adolescentibus
569 2301 675 2372 fauere
702 2308 790 2374 inviti
815 2322 848 2374 et
873 2320 1056 2377 recusantes

3 2447 4 2528 p
64 2412 381 2508 lieriuoeetisumus.

3 2529 4 2544 ¹
108 2514 146 2577 V.
171 2514 255 2578 'l’um
283 2514 427 2589 Catulus,
442 2513 493 2578 Ne
510 2514 614 2578 Graeci
640 2515 779 2596 quidem,
806 2515 917 2598 inquit,
932 2514 1058 2591 Crasse,

64 2617 118 2699 qui
134 2616 166 2680 in
176 2615 356 2680 civitatibus
366 2617 428 2680 suis
444 2616 521 2680 elari
532 2630 566 2682 et
589 2618 696 2700 magni
710 2617 847 2692 fuerunt,
862 2617 952 2682 sicuti
969 2629 1002 2682 tu
1012 2639 1057 2694 es,

64 2739 185 2800 nosque
201 2738 312 2782 ornnes
325 2719 355 2782 in
372 2719 477 2782 nostri
493 2718 655 2802 republiou
670 2720 812 2782 volumus
839 2739 919 2794 esse,
945 2719 1056 2782 horum

64 2823 263 2896 Graecorum,
282 2821 384 2902 quise
400 2820 561 2884 inculcant
582 2821 708 2884 auribus
724 2822 847 2894 nostris,
861 2819 977 2884 similes
993 2820 1056 2885 sue·

2 2898 6 2957 l
64 2937 155 2990 runt:
178 2913 373 2988 neo'temen
390 2923 421 2986 in
437 2922 503 2986 otio
515 2942 678 2986 sermones
705 2921 892 3004 hujusmodi,
917 2920 1056 3006 disputa·

2 3006 5 3077 l
64 3031 230 3108 tionesque
246 3026 421 3110 fugiebant.
465 3025 515 3088 Ae
530 3023 556 3086 si
571 3023 628 3088 tibi
644 3023 799 3097 videntur,
814 3027 867 3105 qui
879 3040 881 3044 ·
894 3026 1055 3110 temporis,

2 3080 7 3217 l
64 3131 117 3211 qui
128 3129 201 3206 loei,
217 3129 270 3212 qui
283 3127 445 3192 hominum
457 3125 613 3190 rationem
626 3145 688 3188 non
705 3125 835 3202 lrabeat,
851 3126 960 3212 inepti,
974 3129 1056 3194 sieut

64 3233 184 3298 debent
207 3231 323 3307 videri,
345 3249 421 3295 num
436 3230 566 3294 tandem
592 3240 647 3292 eut
661 3228 751 3292 loeus
775 3229 826 3292 hie
843 3251 906 3294 non
923 3230 1055 3296 idoneus

62 3336 195 3410 videtur,
210 3334 242 3398 in
256 3353 320 3415 quo
330 3331 469 3416 portieus
482 3332 551 3396 beno
566 3331 646 3416 ipsa,
661 3330 716 3404 ubi
732 3329 942 3409 ambulamus,
953 3345 986 3399 et
1001 3355 1055 3418 pa·

3 3389 5 3470 l
64 3445 182 3512 laestre,
192 3446 227 3500 et
237 3445 285 3499 tot
297 3434 374 3500 loeis
389 3433 554 3512 sessiones,
568 3433 805 3519 gymnasiorum
820 3447 853 3500 et
869 3435 1054 3500 Groeoarum

3 3509 5 3576 l
64 3537 316 3623 disputationum
344 3536 531 3600 memoriam
555 3537 795 3618 quodammodo
825 3538 1054 3602 commovent?

67 3655 122 3706 aut
132 3641 349 3723 importunum
358 3647 484 3720 tempus
493 3637 524 3702 in
536 3648 628 3706 tanto
639 3637 717 3716 otio,
727 3639 858 3720 quodet
871 3639 942 3704 reru
951 3639 1054 3711 datur,
1122 3647 1124 3654 '

2 3740 6 3773 ,
710 3739 713 3746 .

3 3803 5 3862 l
