2400 3980
7 2975 10 3138 l

311 137 355 178 os
379 135 529 180 onrrona
557 135 654 178 arsen
677 137 806 182 narnus.
1007 121 1042 178 61

66 287 177 368 quibus
193 297 228 348 te
245 282 326 367 eripi
340 283 395 358 ris,
407 305 446 346 ne
458 281 575 368 judicio
592 283 697 366 iniquo
712 284 1051 370 exsorbeatursangirie

65 405 152 454 tuus:
178 388 270 472 quod
287 388 421 471 sapienti
438 401 555 471 negant
572 387 717 451 accidere
733 405 844 470 pose:
870 391 985 452 servire
999 411 1049 454 ve·

8 490 10 498 ’
66 495 95 556 rb
110 516 180 558 non
198 491 300 557 modo
316 502 359 567 te,
369 492 422 554 sed
440 493 615 555 universum
629 502 783 568 senatum,
798 491 884 575 cujus
899 504 965 556 tum
976 509 1065 559 canu*

65 619 130 662 sem
160 597 300 681 agebas,
316 616 408 658 ausus
431 617 464 658 es
479 596 609 659 dicere?
632 595 781 659 Potestne
796 595 901 671 virtus,
927 595 1050 676 Crasse,

65 705 191 778 servire,
208 701 276 764 istis
286 700 475 775 auctoribus,
487 720 617 780 quorum
630 711 664 764 tu
679 710 839 784 praeoepta
865 699 995 763 oratoris
1007 699 1049 764 sa·

67 808 188 872 cultate
205 803 452 887 complecterisl
475 815 589 884 quaest
603 825 727 889 semper
753 816 784 869 et
799 803 979 869 solalibera
994 815 1051 882 ert,

7 968 8 984 ,
68 933 217 994 quaeque,
233 909 356 973 etiamsi
371 929 505 991 corpora
520 919 615 991 capta
634 909 694 971 sint
710 909 802 972 ermis
825 920 880 973 aut
905 910 1052 976 constric-

69 1033 99 1079 ta
112 1012 264 1090 vinculis,
280 1024 386 1076 tamen
399 1033 487 1075 suum
501 1011 560 1095 jus,
577 1024 671 1092 atque
686 1011 825 1076 omnium
838 1035 939 1077 rerum
956 1014 1052 1100 impu·

69 1121 174 1184 nitam
198 1117 388 1192 libertatem,
404 1126 510 1180 tenere
536 1116 662 1181 debeat.
707 1117 792 1188 Quae
806 1119 880 1182 verd
897 1119 1054 1198 addidisti,

71 1247 132 1288 non
169 1223 266 1286 modo
293 1231 435 1284 senatum
461 1219 573 1284 servire
596 1243 693 1304 posse
722 1221 850 1304 populo,
879 1223 1051 1288 sedetiam

71 1329 198 1404 debere,
222 1324 290 1409 quis
315 1325 374 1387 hoo
398 1324 599 1408 philosophus
615 1333 681 1385 tarn
707 1324 818 1399 mollis,
843 1335 908 1387 tam
935 1325 1054 1410 langui-

72 1435 141 1508 dus,
172 1443 239 1495 tam
266 1439 440 1504 enervatus,
464 1439 528 1492 tam
546 1426 651 1490 omnia
677 1427 717 1489 ad
735 1427 928 1511 voluptatem
944 1449 1054 1513 eorpo-

74 1539 112 1601 ris
126 1536 336 1614 doloremque
352 1532 497 1608 reserem,
522 1531 656 1615 probare
682 1541 806 1614 posset3
828 1541 972 1595 senatum
994 1555 1054 1598 ser·

75 1643 139 1706 vire
165 1640 293 1725 populo,
309 1636 358 1700 cui
371 1637 506 1720 populus
523 1637 589 1720 ipse
613 1635 796 1700 moderandi
813 1648 844 1700 et
860 1631 988 1722 regendi
1008 1642 1054 1706 sui

75 1755 279 1830 potestatem,
294 1741 381 1822 quasi
397 1741 548 1823 quasdam
566 1739 716 1816 habenas,
731 1739 931 1806 tradidisset?
965 1735 974 1758 ⁹

120 1847 207 1913 LIII.
233 1847 343 1929 ltaque
359 1846 427 1908 haeo
453 1848 524 1908 oiim
542 1867 559 1907 a
577 1857 607 1907 te
633 1845 777 1909 diuinitus
793 1868 854 1929 ego
880 1847 964 1910 dieta
977 1849 1055 1912 arbi·

77 1968 188 2027 trater,
203 1951 237 2015 P.
255 1949 388 2014 Rutilius
414 1947 526 2023 Rufus,
546 1949 641 2011 homo
667 1949 780 2011 doetus
805 1951 1055 2035 etphilosophiae

78 2057 214 2129 deditus,
238 2075 300 2116 non
319 2053 411 2115 modo
428 2025 537 2136 panim
533 2037 743 2126 dommode,
748 2053 803 2115 sed
818 2054 913 2116 etiam
927 2056 1055 2137 turpiter

80 2175 112 2226 et
124 2159 290 2244 flagitiose,
305 2158 387 2220 dicta
402 2179 469 2220 esse
482 2155 617 2219 dicebat
663 2153 814 2236 Idemque
830 2155 971 2218 ServIum
983 2157 1056 2220 Gol-

81 2266 167 2340 bam,
176 2283 269 2346 quem
284 2263 440 2324 hominem
450 2261 548 2344 probe
560 2257 810 2323 commeminisse
820 2279 853 2322 se
865 2257 979 2336 aiebat,
990 2281 1056 2344 per·

82 2369 217 2452 graviter
242 2365 468 2448 reprehendere
494 2364 627 2440 solebat,
652 2361 736 2446 qtred
763 2363 798 2440 is,
825 2363 862 2428 Ii.
890 2363 1056 2430 Scribonio

82 2472 287 2554 quaestionem
301 2471 330 2533 in
347 2489 417 2532 eum
431 2469 560 2544 serente,
570 2468 674 2588 populi
691 2469 936 2534 misericorditem
953 2471 1057 2536 conci·-

82 2575 188 2650 nisset,
203 2577 275 2637 eum
293 2573 336 2636 M.
353 2572 446 2658 Cato,
462 2573 574 2636 Gatbae
589 2556 801 2657 giihiadque
818 2596 891 2638 acer
905 2574 1057 2652 inimicus,
1114 2569 1118 2574 ”

84 2681 194 2762 aspere
211 2678 292 2760 apud
307 2662 455 2760 poptilum
472 2677 652 2740 Romanum
666 2689 697 2740 et
708 2679 909 2742 vehementer
919 2691 1000 2742 esset
1015 2679 1057 2743 lo·

38 2836 41 2843 .
84 2795 194 2849 cutus:
217 2803 311 2865 quam
329 2781 500 2844 orationem
518 2781 547 2843 in
564 2780 743 2864 Originibus
756 2782 817 2843 suis
829 2781 971 2864 exposuit
982 2781 1057 2864 lpse.

86 2881 354 2972 Reprehendebat
368 2886 459 2968 igitur
473 2885 607 2946 Galbam
626 2883 769 2957 Rutilius,
784 2884 869 2974 quod
890 2884 919 2967 is
930 2883 966 2948 C.
991 2885 1059 2950 Sul·

86 2993 160 3076 pieii
178 2989 271 3065 Galli,
286 2988 451 3073 propinqui
467 2988 524 3062 sui,
540 2987 584 3057 Q.
608 2981 758 3070 pupillum
774 2989 870 3054 filium
887 2989 953 3073 ipse
968 3011 1059 3074 paene

86 3098 118 3160 in
135 3095 280 3160 humeros
295 3113 366 3156 suos
376 3090 544 3167 extulisset,
558 3089 610 3174 qui
624 3091 719 3173 patris
740 3091 900 3158 clarissimi
916 3095 1058 3160 recorda·

87 3201 174 3270 tione
189 3209 222 3263 et
237 3195 386 3261 memoria
400 3195 507 3258 fletum
524 3193 640 3278 populo
655 3207 805 3272 moveret,
827 3209 860 3261 et
882 3199 960 3262 duos
982 3197 1060 3264 fillos

89 3325 146 3369 sno
217 3321 286 3395 irps
296 3299 400 3364 tutelae
415 3297 521 3382 popuh
532 3295 794 3376 commendasset,
806 3319 845 3364 ae
856 3310 1059 3385 se,tanquam

27 3323 302 3493 'mimblida
316 3414 537 3466 testamentum
551 3401 715 3484 faceret,
693 3421 759 3463 sine
773 3399 850 3466 libra
864 3413 958 3486 atque
971 3406 1061 3470 tabu·
1090 3459 1096 3470 .

65 3427 138 3586 lis,
153 3507 303 3594 populum
319 3503 499 3589 Romanum
520 3503 654 3571 tutorem
678 3502 836 3570 instituere
859 3505 984 3572 dixisset
999 3509 1061 3572 illo·
