2466 3966
351 121 395 164 na
417 119 573 165 sumar
595 117 697 164 masa
718 123 903 170 amuranus.
943 167 945 174 ,
1064 109 1130 170 lot·

126 261 287 331 eamme
315 265 514 348 praestruam
549 278 686 350 partem,
717 288 789 348 quse
818 269 954 334 maxime
984 287 1127 344 emanso·
1184 265 1190 280 '

129 387 204 430 aare
217 367 341 432 animos
356 367 521 433 hominum
531 380 649 452 potest,
663 371 808 435 conserui
840 371 974 436 Summa
988 373 1127 454 denique

6 463 15 486 ’
126 469 219 554 hujus
233 470 361 555 generis
376 471 448 536 herc
463 481 522 549 est,
534 483 579 548 ut,
604 472 631 535 si
646 473 679 536 in
689 473 864 539 refellendo
879 475 1062 542 adversario
1080 477 1129 540 lir-

127 572 208 636 mior
223 595 293 640 eae
307 573 423 649 oratio,
438 576 533 655 quam
549 573 579 637 in
592 575 819 640 confirmandis
831 575 947 640 ncsltis
955 564 1128 662 rebus,pc-

125 685 200 750 test,
211 676 320 740 emula
331 675 363 740 in
373 676 460 766 illurn
473 677 638 742 conseram
649 678 729 754 tela3
744 679 791 742 sin
803 690 912 763 nostra
924 678 1048 742 facilius
1057 701 1128 763 pro·

126 777 208 854 bari,
222 781 318 860 quam
329 779 381 844 illa
394 757 541 864 redargui
554 792 698 864 possunt,
711 759 908 850 abducere'
885 781 1009 846 animos
1021 803 1040 848 a
1052 803 1128 846 cco·

125 881 223 944 traria
236 881 433 959 defensione,
458 893 491 948 et
504 883 544 946 ad
559 897 704 948 nostram
716 905 818 948 conor
829 885 1007 948 traducere.
1052 884 1127 948 Duc

121 983 264 1065 denique
279 984 343 1062 illa,
358 1007 430 1068 quoe
445 985 597 1054 facillima
610 987 768 1063 videntur,
781 987 948 1070 (quoniam
959 1006 1032 1067 quas
1042 987 1127 1050 diffi-

125 1085 235 1150 ciliora
245 1099 318 1154 sunt
328 1111 392 1152 non
404 1092 558 1173 possum)
571 1087 647 1152 mihi
657 1110 714 1172 pro
726 1111 798 1152 meo
806 1090 876 1174 jure
887 1106 993 1152 sumo:
1016 1109 1126 1166 unum,

124 1199 162 1250 ut
176 1189 311 1256 molesto
324 1193 378 1254 aut
389 1191 509 1256 difficili
519 1202 721 1275 argumento,
733 1202 788 1254 aut
800 1190 883 1267 loco,
896 1211 1127 1273 nonnunquam

124 1293 258 1360 omnino
273 1293 350 1357 nihil
376 1295 609 1378 respondeam,
631 1294 715 1374 quod
734 1292 865 1356 forsitan
881 1292 993 1376 aliquis
1005 1295 1076 1378 jure
1089 1296 1126 1358 ir·

123 1394 246 1459 riserit:
275 1395 346 1479 quis
360 1389 447 1460 enim
462 1407 521 1472 est,
537 1397 590 1478 qui
607 1397 637 1458 id
653 1396 760 1460 Iacere
781 1416 844 1458 non
862 1395 985 1478 possiti
1008 1397 1064 1458 sed
1080 1407 1128 1459 ta·

125 1517 200 1561 men
212 1519 277 1582 ego
287 1499 329 1562 de
341 1498 413 1562 nied
422 1520 518 1573 nunc,
527 1519 603 1582 ,non
614 1499 654 1561 de
667 1497 810 1573 aliorum,
821 1497 974 1560 facultate
983 1496 1128 1581 disputo3
1226 1503 1227 1506 ’

109 1677 111 1682 ,
127 1602 349 1684 confiteorque
364 1623 428 1678 me,
439 1600 465 1665 si
476 1621 548 1682 quae
565 1612 690 1683 premnt
706 1623 754 1664 res
770 1600 1001 1677 vehementius,
1015 1601 1060 1664 ita
1075 1621 1126 1665 ce·

123 1706 200 1768 dere
216 1705 329 1780 solere,
355 1716 468 1768 utnon
486 1705 584 1780 modd
601 1726 665 1767 non
693 1704 833 1789 abjecto,
856 1703 918 1767 sed
940 1725 981 1768 ne
1005 1704 1125 1789 rejecto
1192 1761 1194 1767 Α

6 1839 15 1868 r
122 1808 254 1887 quidem
268 1821 371 1884 scuta,
387 1807 496 1892 fugere
511 1807 641 1881 videar3
663 1808 718 1870 sed
737 1807 890 1870 adhibere
913 1807 1077 1889 quandam
1094 1807 1126 1870 in

121 1909 262 1975 dicendo
278 1912 419 1996 speciem
436 1921 533 1992 atque
550 1931 714 1994 pompam,
729 1922 760 1972 et
785 1930 902 1992 pugnae
918 1909 1054 1974 similem
1079 1909 1125 1974 su·

121 2033 219 2098 gam,
241 2015 414 2077 consistere
430 2013 503 2077 verri
520 2013 550 2076 in
569 2011 642 2075 mei>
656 2011 801 2094 praesidio
814 2013 870 2086 sic,
880 2023 914 2076 ut
927 2033 991 2074 nen
1002 2011 1122 2095 lugien-

6 2129 16 2158 ”
73 2199 75 2204 Α
120 2117 154 2191 di
171 2117 279 2192 hostis,
291 2117 347 2180 sed
363 2115 511 2198 capiendi
526 2115 600 2190 loci,
616 2113 713 2176 causd
729 2112 860 2176 cessisse
874 2112 991 2176 videar.
1038 2114 1124 2178 Alte·

122 2239 191 2284 rum
218 2230 267 2282 est
282 2219 369 2294 illud,
384 2220 549 2301 quod‘ego
575 2216 693 2279 oratori
719 2215 857 2279 maxime
884 2201 1124 2280 cavendum‘et

122 2321 355 2406 providendum
371 2332 460 2404 puto,
475 2321 625 2403 quodque
643 2340 694 2382 me
710 2318 870 2382 solicitnre
885 2320 1009 2382 summe
1025 2318 1121 2382 solet:

123 2445 187 2488 non
203 2436 269 2488 torn
286 2435 321 2486 ut
337 2424 455 2507 prosim
482 2423 598 2498 causis,
622 2422 789 2485 elaborare
805 2421 905 2498 solen,
920 2422 1015 2503 quam
1031 2431 1068 2484 ut
1081 2443 1122 2486 ne

121 2528 196 2608 quid
213 2524 333 2591 obsim:
357 2547 421 2588 non
437 2526 512 2606 quin
526 2525 762 2588 enitendumsit
778 2525 808 2587 in
825 2538 983 2607 utroque,
1004 2525 1060 2588 sed
1075 2536 1124 2588 ta-

102 2623 199 2694 men
217 2630 317 2694 multd
341 2640 388 2692 est
413 2629 533 2713 turpius
560 2617 690 2706 oratori,
715 2628 863 2692 nocuisse
890 2626 988 2691 videri
1003 2649 1123 2703 causae,

123 2732 218 2814 quaim
235 2753 298 2794 non
313 2731 475 2827 profuisse.

163 2835 317 2900 LXXIII.
343 2835 408 2898 Sed
421 2834 497 2916 quid
509 2832 655 2896 hocloco
667 2854 730 2896 vos
737 2831 818 2895 inter
834 2853 900 2908 ros,
916 2797 1056 2895 Catule?
1080 2849 1121 2894 an

121 2939 203 3013 haec,
231 2937 621 3010 utsuntccntemnenda,
648 2935 876 3000 contemnitisl
920 2934 1124 3013 Minime,m

66 3039 74 3044 ’
121 3042 188 3124 quit
211 3041 289 3104 ille:'
304 3042 361 3105 sed
377 3042 487 3105 Caesar
509 3040 550 3102 de
578 3038 638 3106 isto
654 3032 723 3122 ipso
751 3037 903 3120 quiddam
919 3037 1000 3104 velle
1016 3039 1123 3104 dicere

6 3161 17 3200 r
120 3145 298 3208 videbatur.
343 3144 399 3208 Me
424 3144 499 3206 verd
514 3142 658 3220 lubente,
673 3140 773 3224 inquit
800 3140 969 3220 Antonius,
994 3142 1122 3219 dixeris,

120 3248 185 3312 sive
200 3246 364 3312 refellendi
379 3245 486 3322 causei,
502 3246 567 3310 sive
582 3247 756 3327 quaerendi.
801 3245 887 3310 Tum
903 3246 1015 3324 Julius,
1040 3245 1123 3332 Ege,

122 3351 317 3426 mehercule,
332 3350 444 3433 inquit,
459 3350 592 3426 Antoni,
619 3371 745 3433 semper
760 3349 785 3412 is
801 3349 855 3426 lui,
871 3349 923 3429 qui
939 3349 980 3414 de
1008 3359 1041 3414 te
1056 3369 1126 3413 cra·

6 3451 8 3456 ’
122 3468 193 3520 tore
219 3453 265 3518 sic
291 3453 512 3537 praedicarem,
539 3474 636 3517 unum
664 3463 696 3516 te
712 3451 743 3516 in
769 3450 908 3515 dicendo
923 3452 1000 3516 mihi
1025 3450 1125 3515 videri

122 3557 353 3633 tectissImum3
367 3555 594 3642 propriumque
610 3557 673 3620 hoc
689 3576 758 3620 esse
771 3553 872 3620 laudis
884 3567 957 3632 tuae,
969 3554 1077 3619 nihile
1093 3563 1124 3616 te

606 3667 644 3724 14
