2400 3980
128 93 168 152 64
371 111 414 152 ua
435 109 586 154 onsrnaa
610 112 706 154 arura
730 113 858 156 rnruns.
1147 123 1196 170 JJJ

128 259 312 326 artamolrm
327 257 504 324 indotatam
522 281 589 324 esse
606 272 637 324 et
662 259 836 324 incomtam
850 259 984 336 videres,
1000 260 1115 324 verbo·
1138 235 1196 342 „pii

128 384 197 427 rum
211 383 283 428 eum
297 364 372 428 dote
395 364 592 450 locupletasti
607 376 640 428 et
662 365 787 446 ornasti.
832 365 955 428 Deinde
973 365 1062 447 quod
1080 365 1113 428 iu
1140 387 1181 447 ,ᾗυ
1193 409 1196 448 J

129 469 167 534 ad
178 483 211 532 tu
221 469 289 552 plus
301 490 406 552 oparoe
419 469 594 550 laborisque
609 485 836 546 consumseraq
846 471 919 532 oum
932 469 1001 554 ejus
1016 470 1114 534 studii
1142 513 1196 556 w

130 573 185 640 tibi
200 587 234 638 et
246 573 387 639 hortator
402 587 434 638 et
460 574 608 658 magister
622 591 704 638 esset
719 573 815 650 domi,
840 575 953 638 veritus
979 595 1027 650 es,
1054 574 1116 638 nisi
1146 619 1196 666 ,Ji-q

127 679 220 744 istam
236 689 336 743 artem
361 677 504 742 oratione
524 678 757 762 exaggerdssea
785 699 823 742 ue
851 698 984 762 operam
1009 679 1116 762 perdi·
1147 723 1196 770 JJJJ

129 785 236 848 disses.
281 783 345 846 Sed
361 803 422 866 ego
438 803 478 846 ne
493 803 566 846 cum
580 784 638 846 istd
664 783 790 865 quidem
814 795 880 846 arte
897 805 1017 867 pugno.
1065 784 1116 846 Sit
1152 831 1196 878 rJJJ

128 891 204 954 saue
219 898 318 963 tauta,
328 898 480 969 quantam
495 901 529 951 tu
539 887 624 950 illam
640 910 708 952 esse
719 889 772 951 vis.
807 888 944 964 Etenim,
956 887 1027 952 sine
1037 909 1115 952 oon·
1153 935 1196 982 ap

128 989 285 1066 troversia,
300 1002 333 1054 et
348 1013 464 1106 magna
480 1003 537 1068 est,
549 1004 582 1056 et
596 993 658 1055 latis
671 1003 770 1076 patet,
781 1003 813 1056 et
825 993 866 1056 ad
879 991 996 1056 multos
1018 993 1115 1075 perti·
1154 1038 1196 1088 JJJ

122 1107 194 1172 net,
209 1105 242 1158 et
256 1115 379 1160 summo
394 1095 424 1158 ia
442 1097 559 1160 honore
572 1117 694 1180 semper
711 1095 783 1172 fuit3
804 1107 836 1159 et
851 1095 1055 1160 clarissimi
1027 1117 1115 1162 cives
1156 1145 1186 1190 J
1184 1155 1196 1196 J

130 1201 159 1264 ei
178 1198 281 1264 studio
291 1213 387 1264 etiam
397 1200 490 1264 lrodre
501 1212 651 1283 praesunt
676 1201 731 1264 sed
745 1200 824 1276 vide,
837 1199 961 1275 Crasse,
971 1221 1025 1276 ue,
1035 1201 1115 1264 dum
1162 1257 1196 1299 JJ

122 1325 214 1368 -uovo
225 1314 257 1368 et
269 1302 372 1368 alieno
387 1316 499 1368 ornatu
515 1303 588 1368 velis
605 1326 717 1368 ornare
738 1304 813 1388 juris
825 1303 920 1368 civilis
932 1305 1115 1379 scientiam,
1167 1360 1172 1398 ,J
1194 1371 1196 1404 J

131 1430 328 1493 unoquoque
347 1429 430 1485 eum,
453 1429 605 1474 concesso
628 1421 661 1474 et
675 1409 802 1486 tradito,
817 1409 930 1492 spolies
946 1421 1044 1491 atque
1060 1409 1115 1472 de·
1190 1405 1193 1424 ¹

1166 1492 1172 1502 ι
1179 1469 1193 1506 ll

131 1517 240 1580 nudes.
284 1515 380 1590 Nam,
395 1515 420 1578 si
435 1515 480 1577 ita
494 1514 626 1588 diceres,
641 1536 694 1596 qur
686 1513 940 1628 jurisconsultus
955 1523 1054 1590 esset,
1069 1535 1116 1578 es·
1168 1473 1196 1618 JJJJ

39 1623 166 1756 JJJJqp‘
181 1639 253 1697 eum
269 1623 437 1731 prptorplp,
451 1617 591 1698 itemque
600 1638 654 1698 qur
665 1629 748 1680 asset
759 1617 891 1692 orator,
879 1638 955 1700 Jurrs
970 1618 1115 1682 eundern
1174 1678 1196 1720 JJJ

39 1693 445 1830 ieJconsultum
447 1718 592 1784 raeolarar
603 1721 682 1782 duas
692 1733 775 1784 artas
786 1722 1003 1798 constitueres
1014 1733 1115 1805 atque
1174 1709 1196 1824 J

132 1828 213 1890 iotet
227 1846 260 1889 se
276 1845 377 1908 pares,
391 1834 424 1888 et
438 1823 579 1908 ejusdam
595 1823 697 1888 socias
718 1824 898 1908 dignitatis:
925 1845 1012 1890 nana
1027 1826 1116 1900 varo,

127 1909 734 2014 jurisconsultdmsinehaoeloquentia‚
755 1929 1115 2012 dequaquaerimus‚sa·

134 2037 207 2100 teris
217 2053 285 2116 esre
300 2034 403 2116 posse,
411 2032 567 2114 fuisseque
578 2033 741 2115 plurimos3
764 2044 921 2098 oratorem
934 2055 1045 2116 negas,
1055 2037 1116 2097 nisi

132 2139 219 2204 illam
230 2138 394 2203 scientiam
410 2137 600 2214 assumserit,
615 2158 683 2200 esse
696 2159 796 2219 posse.
842 2137 891 2201 lta
901 2150 948 2202 est
958 2137 1013 2201 tibi
1023 2138 1115 2222 juris·
1177 2193 1181 2217 J

132 2243 299 2308 consultus
309 2242 375 2326 ipse
390 2263 446 2325 per
460 2262 494 2304 se
516 2240 601 2317 nihil,
616 2241 673 2304 nisi
689 2239 839 2323 leguleius
854 2242 982 2322 quidam
999 2254 1116 2335 cautus
1156 2293 1158 2298 .
1181 2301 1192 2335 J

134 2357 303 2421 elocutus,
319 2365 424 2428 praeoo
439 2345 610 2418 actionum,
632 2356 744 2408 cautor
758 2343 971 2420 formularum,
994 2367 1116 2429 auceps
1183 2409 1186 2419 ,

59 2445 65 2464 ”
133 2450 343 2534 syllabarum:
367 2447 433 2521 sed,
448 2447 522 2528 quia
548 2449 632 2528 saepa
648 2449 742 2510 utitur
758 2460 863 2512 orator
885 2449 1023 2511 subsidio
1034 2447 1114 2533 juris

134 2553 167 2616 in
182 2551 295 2626 nausis,
310 2551 428 2614 idcirco
443 2549 535 2612 istam
554 2550 630 2632 juris
645 2551 809 2615 seientiam
833 2552 1030 2634 eloquentiae‚
1046 2563 1116 2618 tarr·
1187 2537 1194 2550 ⁴

136 2678 232 2740 quam
249 2653 427 2718 ancillulam
443 2653 726 2737 pedissequamque
743 2657 918 2740 adjunxisti.

178 2760 261 2825 LVI.
285 2758 384 2830 Quod
400 2757 472 2822 veri>
495 2756 722 2840 impudentiam
750 2760 920 2822 admiratus
946 2783 980 2824 es
1005 2782 1114 2824 eorum

136 2877 350 2951 patronorum,
373 2865 424 2948 qui
441 2879 505 2938 aut,
531 2866 603 2926 crlm
620 2869 717 2946 parva
732 2864 898 2938 nescirent,
914 2885 1031 2947 magna
1047 2888 1117 2948 pro·

136 2972 307 3044 tuerentur,
322 2978 376 3031 aut
390 2989 440 3044 ea,
452 2989 524 3050 quae
540 2967 678 3030 maxima
690 2981 794 3032 esseut
806 2967 835 3030 in
848 2969 917 3052 jure
927 2968 1023 3046 civili,
1035 2979 1117 3035 traa-
1195 2971 1196 3034 j

119 3089 204 3140 -tare
227 3074 379 3148 auderent
394 3071 424 3134 in
440 3065 552 3148 causis,
568 3075 640 3136 cum
656 3095 694 3136 ea
710 3073 877 3147 nescirent,
892 3093 1117 3159 nunquamque

135 3179 336 3254 didicissent3
357 3174 515 3258 utriusque
533 3177 575 3239 rei
590 3175 689 3240 facilis
704 3187 752 3239 est
774 3188 806 3240 et
825 3188 949 3258 promta
963 3179 1116 3248 defensio.

135 3285 167 3349 N
170 3305 221 3348 am
234 3302 337 3366 neque
352 3279 425 3344 illud
437 3293 484 3344 est
495 3279 683 3356 mirandum,
692 3280 761 3362 qui,
777 3280 889 3363 qui-bus
900 3283 1002 3346 verbis
1013 3289 1117 3348 coem-

135 3387 180 3452 tio
204 3387 269 3464 fiat,
292 3384 423 3462 neseiat,
449 3385 586 3450 eundem
612 3384 677 3467 ejus
699 3385 844 3461 mulieris,
870 3405 942 3467 quae
967 3387 1117 3452 coemtio-

134 3513 208 3556 nem
223 3490 343 3565 fecerit,
357 3509 488 3552 oausam
499 3509 595 3574 posse
610 3487 799 3554 defendere:
823 3511 892 3568 neo,
915 3490 939 3554 si
955 3493 1040 3576 parvi
1063 3513 1117 3556 na·

135 3596 208 3684 uigil
222 3608 255 3662 et
264 3594 372 3682 magni
381 3594 494 3660 eadem
506 3606 555 3659 est
568 3594 599 3658 iu
611 3593 819 3682 gubernando
829 3597 977 3675 scientim
999 3597 1117 3666 ideireo
