2400 3980
282 139 289 154 .
312 115 355 156 ns
378 113 527 158 ostreas
550 115 646 160 ursas
669 115 797 164 annuus.
1000 103 1038 162 at

22 287 23 298 ¹
68 261 328 337 existimaturum,
350 271 427 338 tum,
448 262 521 328 eiua
535 259 695 329 aauudire
719 262 878 346 cupiebas,
902 281 1043 344 oausam,

67 349 280 450 nuncupares,
295 385 362 428 non
376 364 477 435 fuisse.
520 365 604 450 Nihil
620 365 704 432 enim
717 363 822 432 diearn
837 367 1043 448 reconditum,
1124 425 1128 434 .

65 469 135 534 nihil
150 467 395 554 exspectatione
417 468 519 537 nestri
539 469 679 554 dignum,
704 467 777 535 nihil
802 479 855 534 out
870 468 1042 539 irraudituur

65 573 161 651 vobis,
177 584 234 638 aut
251 571 399 653 cuiquam
414 594 539 640 novum.
583 574 613 640 N
616 595 668 638 am
683 571 835 659 principio
851 570 935 650 illud,
959 575 1042 656 quod
1132 618 1135 629 -

65 691 111 744 est
125 678 259 744 bomine
276 663 412 762 ingenuo
427 677 656 762 liberaliterque
674 679 810 746 educato
825 677 965 762 dignum,
979 699 1043 748 aon

20 771 21 822 l
65 782 192 866 negabo
209 779 334 846 meista
349 782 489 846 ourniutu
501 782 680 848 eommunia
692 794 723 848 et
738 783 871 850 contrita
883 793 1044 868 praeopta

67 885 234 952 didicisse:
256 883 401 970 prirnlnn,
413 885 543 950 oratoris
558 885 695 950 officium
708 909 787 966 esee,
800 888 905 952 dicere
920 885 960 950 ad
977 906 1043 972 per·

66 988 267 1052 suadendum
293 989 552 1052 accommodate:
582 989 707 1066 deinde,
732 1012 800 1056 esea
823 1011 950 1058 omnem
976 1011 1045 1056 ortt·

66 1093 185 1156 tionem
200 1101 257 1156 aut
272 1092 312 1154 de
327 1091 455 1156 infinitae
479 1091 522 1158 rei
546 1093 730 1176 quoestioua,
745 1094 811 1159 sine
825 1095 1042 1180 designatione

67 1210 275 1282 personarum
291 1207 323 1258 et
345 1205 542 1280 temporum,
563 1207 617 1262 aut
632 1196 672 1262 de
694 1219 727 1282 re
742 1197 834 1264 certis
859 1199 889 1263 in
905 1197 1044 1282 personis

67 1321 103 1366 au
118 1297 317 1384 temporibus
329 1297 442 1372 lacatii..
485 1299 521 1366 In
537 1301 666 1384 utraque
681 1312 787 1366 autem
804 1322 836 1366 re
851 1302 999 1385 quidquid
1013 1303 1044 1370 in

68 1401 316 1469 controversiam
330 1403 447 1492 territt,
468 1403 498 1466 in
514 1399 664 1486 eo'quaeri
679 1404 789 1480 solere,
813 1416 869 1472 aut
882 1405 1044 1474 factumne

68 1510 115 1585 sit,
140 1518 208 1586 aut,
220 1507 245 1572 si
261 1505 453 1584 estfactum,
478 1504 570 1590 quale
585 1507 634 1584 sit,
659 1507 823 1570 autetiam
839 1527 901 1590 quo
915 1506 1044 1576 nomina

67 1593 210 1690 vocetur}
224 1621 289 1686 aut,
304 1611 385 1694 quod
399 1609 539 1678 nonnulli
556 1612 685 1690 addunt,
701 1614 826 1678 rectene
840 1611 958 1678 factum
975 1633 1043 1680 ease

68 1719 220 1785 videatur.
254 1716 410 1780 Exsistere
423 1729 529 1780 autem
537 1717 763 1782 controversias
783 1717 877 1782 etiam
890 1718 1043 1804 exscripti

67 1822 337 1908 interpretatione,
362 1821 392 1884 in
418 1841 481 1902 quo
496 1835 549 1884 aut
570 1823 716 1906 ambigue
731 1821 805 1906 quid
820 1824 859 1888 sit
882 1824 1043 1907 seriptum,

69 1939 124 1994 aut
135 1925 305 2000 contrarie,
321 1936 374 1988 aut
390 1924 433 1988 ita
447 1935 480 1988 ut
496 1946 515 1988 a
529 1925 684 1990 sententid
704 1927 852 2010 seriptum
878 1928 1044 1998 dissideat:

67 2032 233 2098 bisantem
250 2027 393 2092 omnibus
404 2029 541 2111 partibus
555 2029 695 2113 subjecta
710 2030 857 2112 quaedam
871 2051 939 2096 esse
955 2052 1045 2116 argu·

68 2147 177 2200 menta
203 2134 338 2218 propria.
382 2133 647 2208 Sed'oausarum,
671 2133 817 2213 quaesint
843 2155 862 2198 a
885 2137 1045 2204 communi

68 2239 243 2322 quaesrione
258 2234 545 2321 sejunctanpartim
560 2236 590 2298 in
601 2235 724 2319 judiciis
739 2235 864 2310 versari,
887 2235 1044 2318 partimin

69 2335 368 2408 deliberationibus:
386 2361 453 2404 esse
469 2339 563 2403 etiarn
579 2359 678 2422 genus
690 2335 924 2420 tertium,quod
937 2337 967 2403 in
982 2338 1046 2404 lau·

68 2447 182 2512 dandis
198 2457 252 2510 aut
267 2444 476 2528 vituperandis
493 2443 665 2508 bominibus
677 2454 858 2527 poneretur:
880 2455 1045 2529 certosque

68 2571 137 2616 esse
149 2549 248 2626 looos,
263 2549 373 2632 quibus
385 2548 414 2612 in
426 2549 549 2633 judiciis
564 2552 729 2624 uteremur,
744 2549 775 2612 in
791 2549 901 2631 quibus
916 2551 1046 2632 equitas

68 2667 276 2737 quaereretur:
300 2652 376 2716 alios
391 2651 421 2716 in
437 2651 723 2730 deliberationibus,
738 2653 789 2736 qui
805 2674 916 2718 omnes
928 2655 969 2718 ad
991 2656 1048 2720 uti·

69 2758 191 2824 litatem
206 2757 412 2841 dirigerentur
436 2778 555 2832 eorum,
578 2757 688 2840 quibus
703 2756 866 2822 consilium
881 2758 1046 2824 daremus:

70 2861 147 2926 alios
163 2862 240 2928 item
265 2861 294 2925 in
324 2859 562 2935 laudationibus,
588 2859 617 2926 in
645 2859 755 2942 quibus
780 2860 820 2922 ud
844 2879 1076 2953 personarum*

70 2965 258 3052 dignitatem
287 2965 392 3028 omnia
421 2965 614 3028 referrentur.
666 2951 809 3046 Curaque
838 2976 919 3028 esset
946 2950 1067 3030 omniu

72 3069 202 3136 oratoris
217 3067 262 3132 vis
288 3090 326 3132 ac
342 3067 473 3132 facultas
490 3067 519 3130 in
535 3065 670 3148 quinque
687 3081 790 3148 portes
814 3067 989 3146 distributa,
1013 3079 1047 3134 ut

70 3173 200 3238 deberet
216 3171 350 3256 reperire
366 3172 508 3256 primitur,
534 3171 606 3252 quid
622 3168 759 3236 diceret:
782 3171 896 3239 deinde
920 3171 1049 3238 inventa
1105 3175 1130 3246 ,¹

73 3297 136 3342 non
162 3275 261 3340 solrlrn
277 3276 396 3351 ordine,
421 3276 475 3342 sed
491 3273 587 3338 etiarn
613 3286 773 3338 momento
790 3275 928 3358 quodam
953 3287 1048 3357 atque

70 3379 188 3472 judicio
213 3379 392 3464 dispensare
408 3389 501 3462 utque
525 3393 735 3463 componere:
758 3390 824 3442 tum
848 3401 888 3444 ea
913 3379 1049 3464 denique

75 3487 185 3554 vestire
201 3500 295 3568 atque
306 3504 416 3548 ornare
432 3482 593 3549 oratione:
617 3481 687 3567 post
701 3482 850 3546 memorii
864 3481 966 3576 sepire
976 3469 990 3542 ε’
1006 3481 1049 3548 ad
1062 3470 1078 3531 »ἶ

76 3603 248 3656 extremum
274 3607 368 3672 agere
390 3606 462 3666 cum
487 3586 640 3672 dignitate
664 3605 702 3650 ao
725 3596 898 3650 venustate.
943 3583 1048 3648 Etiam

547 3720 565 3772 4
