2466 3966
132 117 173 176 94
359 141 402 182 aa
425 139 576 184 oaraorm
598 141 696 184 urana
717 129 897 182 accursus.

132 281 454 360 quamdanominum
466 285 570 350 litibus
582 284 698 350 dicere.
737 284 1126 367 Nonestitainquitdn·
1203 283 1208 322 ³

84 440 88 444 ,
132 383 255 446 tonius:
278 384 384 448 dicam
398 387 482 452 enim
499 387 565 468 tibi,
577 387 702 476 Catule,
715 408 778 449 non
794 399 861 450 tam
878 371 1002 462 riccius,
1017 393 1126 470 quarn,
1195 385 1203 422 ‘²

101 545 104 557 ,
132 482 164 545 id
175 485 258 582 quod
271 498 319 549 est
332 488 443 571 majus,
453 470 617 569 expertus]
626 471 1007 575 “O'r'rrniumcaeterarum
1020 511 1126 554 rerum
1199 488 1208 524 i

76 605 86 676 Ἰ
134 575 337 663 orafiojinihi
353 591 459 664 crede,
483 589 574 652 ludus
589 601 637 652 est
653 589 771 652 homini
797 611 862 652 non
887 575 1126 674 bebati'bb'que
1197 588 1208 626 '³

133 688 350 764 inexercitato,
377 711 480 769 neque
506 691 723 754 communium
750 691 910 754 literarum
925 705 956 757 et
973 695 1126 776 politioris
1198 691 1208 732 ³³

133 791 338 854 humanitatis
363 792 504 874 experti:
532 792 561 854 in
578 813 749 856 caus-arum
764 795 1021 858 contentionibus
1039 817 1127 881 mag·
1198 795 1208 834 ‘i

133 913 210 956 num
225 903 272 956 est
288 893 451 972 quoddam
467 914 558 975 opus‚1
572 907 667 976 atque
684 896 767 959 haud
784 896 894 972 seiam,
905 918 945 960 an
962 897 1126 960 dehuma-

132 995 180 1056 nis
203 993 351 1074 operibus
377 994 471 1077 longe
500 998 690 1076 martimum
715 997 887 1078 inquibus
907 999 962 1095 'vis
991 991 1127 1061 oratoris
1200 999 1208 1038 i

133 1094 317 1178 plerumque
334 1097 375 1158 ab
387 1095 538 1182 imperitis
562 1099 647 1164 exitu
660 1111 692 1162 et
717 1067 1050 1193 vicioiffi‘sliidicatum
1071 1101 1126 1163 ubi
1200 1098 1206 1138 ἒ

133 1197 224 1260 adest
240 1210 379 1262 armatus
403 1201 609 1276 adversarius
626 1201 679 1282 qui
695 1201 733 1263 sit
746 1212 777 1264 et
794 1182 951 1264 feriandus
978 1213 1011 1265 et
1026 1202 1127 1306 rqpel·
1201 1202 1208 1242 i

132 1300 263 1363 landus:
286 1301 340 1364 ubi
355 1306 439 1385 saepe
449 1302 485 1378 ia,
500 1302 555 1384 qui
570 1303 614 1366 rei
628 1301 776 1366 dominus
791 1301 912 1366 futurus
927 1314 984 1378 cst,
1004 1297 1135 1366 alietiu‘s'
1179 1314 1181 1320 ’
1202 1303 1208 1344 't

133 1413 230 1484 atque
246 1404 352 1479 iratus,
376 1415 430 1467 aut
457 1405 554 1468 etiam
581 1405 703 1470 amicus
730 1404 1127 1516 adversaripptipimicua
1204 1409 1208 1448 ἢ

132 1505 188 1590 tibi
202 1497 271 1580 e'st3
294 1509 367 1569 cum
385 1518 439 1568 aut
464 1507 629 1582 dbcendus
644 1507 669 1570 is
685 1517 743 1582 est,
759 1517 814 1568 aut
829 1489 1050 1581 d‘e‘do'ccridrisf
1061 1494 1125 1569 ‘aut
1163 1549 1172 1568 .
1205 1507 1208 1550 ¹

132 1595 360 1687 reprimendus,
376 1618 430 1669 aut
445 1601 637 1684 incitandus,
652 1617 708 1701 apt
722 1607 811 1693 omni
827 1607 964 1689 ¹ratione
987 1607 1027 1670 ad
1045 1609 1125 1671 tein-
1207 1615 1208 1654 t

132 1727 200 1790 pus,
225 1707 265 1770 ad
291 1710 593 1785 causam,oratione
620 1696 854 1786 moderandus'g
877 1711 922 1790 (in
949 1714 1125 1792 quosaepb

132 1807 355 1870 benevolentia
372 1811 410 1872 ad
425 1809 543 1886 odium,
558 1811 667 1873 odium
684 1822 791 1874 autem
808 1813 849 1874 ad
865 1811 1124 1874 benevolentiam
1142 1816 1146 1825 '

131 1909 410 1972 deducendumest
418 1915 439 1991 3)
457 1912 669 1992 quitanquam
681 1913 919 1976 machinatione
931 1911 1046 1992 aliqud,
1057 1923 1126 1974 tum

133 2012 173 2074 ad
185 2012 397 2086 severitatem,
421 2025 489 2076 tum
505 2015 546 2076 ad
562 2015 779 2078 remissionem
797 2015 904 2090 animi,
920 2024 988 2076 tum
1004 2014 1044 2076 ad
1059 2015 1127 2077 tris·

25 2186 37 2192 ,
130 2113 244 2188 titiam,
270 2123 337 2178 turn
365 2116 405 2177 ad
430 2115 571 2178 laetitiam
594 2127 642 2179 est
656 2116 924 2198 contorquendus.
970 2113 1125 2181 Omnium
1180 2110 1207 2166 ’·

131 2214 358 2276 sententiarum
369 2219 535 2296 gravitate,
546 2218 687 2280 omnium
698 2218 862 2294 verborum
874 2214 1067 2296 ponderibus
1077 2225 1127 2278 est

130 2315 295 2376 utendum.
340 2314 1127 2400 Accedatoportetaotioyaria,vehemens‚plena
1207 2309 1208 2318 ¹

132 2414 240 2488 animi,
255 2415 351 2495 plena
366 2398 499 2495 spiritua,
516 2416 612 2496 plena
637 2411 876 2496 dolori's‘‚⁴plena
891 2414 1043 2477 veritatis.
1088 2415 1127 2478 In

110 2513 179 2578 -his
194 2513 342 2594 operibus
354 2514 379 2574 si
394 2516 463 2594 quis
479 2514 564 2578 iliam
581 2526 682 2579 artem
700 2515 989 2597 comprehenderit,
1001 2525 1047 2590 ut,
1057 2526 1126 2578 tan·
1207 2565 1208 2574 2

132 2635 229 2694 quam
255 2614 394 2688 Phidias,
424 2615 577 2681 Minerrae
605 2617 731 2700 signum
757 2617 885 2679 efficere
907 2616 1030 2698 xpossita
1059 2636 1125 2680 non

131 2719 219 2791 sane,
245 2717 518 2798 quemadmodum
540 2719 575 2780 in
592 2719 706 2805 clypeo
722 2719 805 2780 idem
822 2717 873 2781 ille
889 2717 1000 2780 artifex
1027 2707 1127 2780 mino·

131 2839 166 2882 ra
180 2819 232 2882 illa
248 2841 347 2901 opera
363 2820 469 2882 facere
485 2820 599 2894 diseat,
615 2820 783 2883 laborabit.
1207 2895 1208 2902 ἵ

174 2921 295 2984 XVIII.
319 2921 403 2982 Turn
420 2921 572 2984 Catulus:
597 2922 673 2990 Quo
699 2923 759 2984 iata
785 2921 906 3004 majora
922 2941 961 2982 ac
978 2918 1126 2980 mirabili·
1207 2975 1208 2980 ,

132 3042 188 3083 ora
204 3020 315 3094 fecisti,
335 3022 373 3085 eb
391 3044 442 3084 me
459 3024 558 3107 major
584 3024 782 3105 exspectatio
808 3033 907 3096 tenet,
919 3019 1124 3099 ‘quibusnam
1207 3027 1208 3036 ’

119 3122 317 3196 rationibus,
331 3124 483 3202 quibusve
500 3125 667 3213 praeceptis
679 3145 720 3186 ea
732 3135 823 3186 tanta
838 3123 883 3184 vis
899 3130 1125 3202 comparetur:

132 3245 196 3288 non
213 3228 275 3304 quo
292 3245 365 3288 mea
378 3226 509 3310 quidem
521 3227 588 3310 jam
606 3203 891 3304 muriatineque
904 3223 989 3312 enim
1002 3231 1080 3284 aetas
1092 3221 1124 3283 id

133 3347 206 3390 mea
226 3327 396 3401 desiderat,
411 3337 444 3390 et
459 3328 544 3391 aliud
569 3328 732 3408 quoddam
748 3347 849 3410 genus
864 3323 992 3397 dicendi
1007 3341 1064 3383 nos
1079 3341 1127 3384 se·

132 3428 327 3504 audeamus,
339 3428 392 3509 qui
408 3449 571 3510 nunquam
587 3430 760 3491 sententias
775 3429 818 3491 de
828 3427 974 3490 manibus
980 3422 1124 3507 judicum

132 3531 161 3598 vi
173 3532 311 3621 quadarn
323 3530 473 3602 orationis
483 3530 681 3615 extorsimus,
696 3551 736 3594 ac
748 3530 853 3622 potius
865 3527 1000 3628 placatis
1012 3543 1123 3602 aarum

491 3623 497 3649 ι’
512 3633 516 3641 .
545 3648 550 3668 Ι
599 3623 604 3649 i
