2400 3980
129 111 169 168 30
383 121 426 166 ιιι
450 116 603 164 orarons
619 115 719 162 crura
735 113 866 178 ratane.

130 289 207 345 non,
233 270 261 332 si
288 267 390 330 minus
417 227 469 330 illa
491 211 605 330 subtili
618 205 823 339 delinitione,
853 274 887 326 at
912 261 975 325 heo
1003 261 1130 346 vulgari

130 370 291 454 opinione,
307 391 357 432 ars
372 389 441 432 csse
458 367 611 432 rideatur.
656 366 761 430 Sed'
738 385 803 429 stre
818 375 867 430 est
883 385 944 439 ars,
969 364 1036 428 sive
1052 364 1131 426 artis

130 473 278 554 quedam
290 471 478 547 similitudo,
493 491 557 533 non
574 479 623 532 est
638 468 767 550 quidem
783 486 825 532 ea
840 467 1054 551 negligenda·
1077 487 1132 530 ve·

131 577 199 636 nlrn
214 572 455 657 intelligendum
471 582 530 646 cst,
553 570 617 634 alia
629 572 778 653 quiedam
805 570 846 634 ad
863 545 1131 651 consequendam

130 675 350 758 eloquentiam
361 695 431 738 esse
447 673 579 756 majora.

175 777 296 840 XXIV.
320 776 406 848 Turn
422 775 580 840 Antonius
595 775 802 838 vehementer
817 795 850 838 se
866 774 1023 838 assentire
1038 774 1134 837 Cras-

133 871 272 954 so'dirit,
287 879 374 961 qudd
391 899 496 960 neque
512 877 556 940 ita
573 877 820 960 amplecteretur
835 887 950 952 artem,
967 887 1001 940 ut
1016 877 1036 940 ii
1051 876 1135 940 sole·

134 992 216 1056 rent,
238 981 291 1063 qui
313 1001 443 1044 ornnem
459 982 522 1043 vim
544 980 674 1044 dicendi
696 980 728 1042 in
751 989 1005 1061 arteponerent,
1027 999 1136 1060 aeque

136 1103 259 1148 rursum
280 1103 355 1148 eam
375 1093 490 1158 totam,
512 1083 594 1146 sicut
617 1082 758 1164 plerique
781 1075 960 1164 philosophi
978 1081 1137 1156 fecerent,

136 1186 327 1268 repudiaret.
373 1185 439 1249 Sed
451 1186 607 1261 existimo,
621 1177 734 1267 inquit,
749 1195 875 1267 gratum
888 1195 920 1246 te
935 1183 991 1258 his,
1005 1183 1138 1258 Crasse,

137 1287 307 1364 facturum,
333 1288 358 1351 si
381 1288 441 1350 ista
461 1287 657 1372 exposueris,
683 1307 756 1369 quae
779 1299 872 1369 putas
895 1286 936 1350 ad
961 1285 1137 1349 dicendum

138 1390 218 1472 plus,
233 1391 329 1472 quam
345 1391 447 1473 ipsam
465 1401 566 1454 artem
583 1411 676 1472 posse
692 1390 854 1473 prodesse.

181 1493 297 1558 Dicam
312 1494 472 1576 equidem,
488 1494 639 1582 quoniam
656 1492 791 1565 institui,
816 1503 989 1574 petamque
1006 1511 1026 1552 a
1037 1490 1140 1564 vobis,

138 1597 249 1676 inquit,
256 1573 493 1660 nehasmeas
520 1594 828 1676 ineptiasefferatis:
851 1615 1037 1675 quanquam
1067 1614 1136 1656 mo-

140 1697 307 1762 derabor
301 1718 379 1778 ipse,
394 1719 445 1772 ne,
468 1707 503 1758 ut
517 1696 647 1776 quidam
666 1695 815 1778 magister
830 1709 927 1777 atque
943 1696 1065 1771 artifex,
1080 1699 1140 1760 sed

141 1800 233 1881 quasi
247 1820 328 1862 unus
350 1819 369 1862 e
392 1808 574 1881 togatorum
591 1818 734 1872 numero,
758 1809 854 1879 atque
878 1819 916 1861 ax
939 1799 1056 1862 forensi
1080 1820 1141 1861 usu

141 1901 239 1964 homo
256 1900 433 1975 mediocris,
456 1920 560 1981 neque
576 1900 707 1962 omnino
723 1901 817 1976 rudis,
841 1901 959 1976 videar,
982 1921 1046 1964 non
1071 1901 1141 1983 ipse

143 2003 260 2086 aliquid
277 2025 296 2067 e
313 2025 364 2070 me
381 1993 568 2086 promslsse„
581 1994 637 2066 s'ed
656 2003 789 2066 ‘fortuito
813 2003 843 2066 in
867 2023 1047 2068 sermonem
1070 2023 1143 2066 res-

141 2123 223 2176 trum
245 2107 402 2170 incidisse.
421 2146 423 2150 -
447 2106 617 2188 Equidem,
639 2108 713 2168 cirr'n
737 2117 886 2188 peterere
906 2105 1142 2189 magistratum,

71 2251 81 2273 .
143 2210 286 2275 solebam
299 2210 329 2273 in
342 2210 523 2292 prensando
535 2208 694 2271 dimittere
710 2228 798 2288 ame
815 2207 1008 2284 Scaevolam,
1024 2210 1098 2272 crim
1112 2210 1144 2272 ei

143 2313 188 2378 ita
199 2314 351 2387 dicerem,
366 2333 418 2374 me
430 2310 509 2374 velle
524 2331 593 2373 esse
609 2310 769 2392 ineptum:
793 2311 824 2372 id
840 2320 910 2373 erat
927 2322 1035 2392 petere
1052 2309 1143 2374 blan·

145 2416 230 2488 diris,
244 2414 330 2496 quod
341 2412 398 2475 nisi
407 2414 514 2493 inepte
525 2412 624 2486 fieret,
636 2413 716 2475 bene
727 2433 790 2474 non
803 2426 910 2494 posset
921 2414 998 2476 lieri.
1043 2413 1144 2478 Hunc

147 2527 255 2582 autern
270 2535 339 2579 esse
356 2535 452 2577 unum
469 2511 630 2577 hominem
652 2535 691 2577 ex
714 2515 872 2590 omnibus,
895 2537 960 2597 quo
984 2529 1144 2598 praesente

148 2615 1145 2703 egoineptusesseminimevellem3qnemquidemnuncrnea-

149 2741 219 2786 rum
230 2720 418 2804 ineptiarum
431 2729 545 2783 testem
557 2729 590 2782 et
602 2731 815 2800 spectatorem
829 2721 957 2784 fortuna
968 2720 1145 2786 constituit.

151 2826 237 2889 Nam
261 2823 336 2907 quid
359 2835 408 2888 est
429 2822 577 2905 ineptius,
600 2825 695 2904 quam
711 2824 752 2886 de
767 2823 906 2886 dicendo
921 2823 1047 2897 dicere3
1069 2827 1146 2887 crim

151 2928 254 3010 ipsum
268 2927 373 2988 dicere
389 2946 552 3008 nunquam
568 2925 608 2988 sit
624 2947 686 2988 non
702 2925 857 3007 ineptum,
873 2925 930 2988 nisi
943 2929 1018 2988 crim
1030 2937 1078 2988 est
1092 2947 1147 2990 ne·

152 3027 347 3093 cessariuml
371 3017 473 3110 Perge
490 3029 576 3104 vero,
599 3028 724 3103 Crasse,
746 3029 848 3110 inquit
863 3028 998 3092 Mucius.
1044 3028 1146 3094 Istam

45 3174 50 3182 -
153 3130 238 3194 enim
250 3128 389 3212 culpam,
404 3149 501 3210 quam
517 3131 642 3211 vereris,
659 3150 722 3213 ego
739 3129 908 3212 praestabo.

196 3233 300 3298 XXV.
324 3232 380 3296 Sic
393 3231 498 3314 igitur,
515 3232 620 3314 inquit
636 3234 779 3308 Crassus,
794 3234 907 3308 sentio,
922 3243 1069 3297 naturam
1079 3238 1148 3318 ¹pri-

154 3340 253 3412 mum,
275 3345 373 3416 atque
394 3333 568 3418 ingenium,
588 3336 630 3399 ed
653 3335 824 3398 dicendum
842 3336 902 3398 vim
920 3335 1033 3402 afferre
1049 3341 1149 3402 maxi·

86 3437 91 3450 '
155 3457 243 3502 mam
254 3454 389 3518 :neque
402 3437 475 3500 verti
489 3437 565 3512 istis,
579 3437 621 3500 de
635 3437 749 3519 quibus
762 3437 857 3521 paulo
870 3441 944 3502 ante
956 3439 1034 3502 dixit
1046 3440 1150 3505 Anto·

153 3540 234 3616 aius,
255 3538 462 3623 scriptoribus
481 3539 566 3617 ortis,
588 3539 745 3605 rationem
767 3541 895 3605 dicendi
917 3551 950 3606 et
972 3542 1069 3620 ιὶιιιιι,
1090 3545 1155 3623 8οά,
