2466 3966
340 101 382 142 on
407 100 559 143 onerans
583 100 682 142 ureae
705 102 888 164 armannus.¹
1053 91 1110 147 tls
1191 121 1197 128 ·

111 243 233 324 quibus
246 242 357 324 omnia
376 245 417 308 nd
436 262 570 310 omnem
597 245 774 310 orationem
800 247 930 317 inventa
944 248 1114 314 ducuntur.

113 346 227 426 Atque
244 345 305 408 hoc
321 356 424 409 totum
437 358 485 410 est
496 344 658 422 sive'artiS,
670 348 734 412 sive
744 348 1040 436 *animadversionis
1049 352 1113 414 sive

16 475 19 478 ·
113 447 369 534 consuetudinis,
384 447 475 512 nosse
501 449 657 532 regiones,
681 451 763 512 intra
778 471 858 535 quas
873 471 988 516 venere
1004 463 1036 518 et
1046 475 1116 536 per«

113 549 267 632 vestiges
282 551 367 629 quod
384 570 517 629 quaeraa
562 551 625 613 Ubi
640 573 714 614 eum
729 551 836 619 locum
846 572 982 636 omnem
993 557 1114 642 cogita.-

113 651 206 714 tione
221 653 367 733 seprerin,
379 653 516 727 simodo
532 674 623 716 usum
633 675 736 718 rerum
753 644 973 737 percallueris',
990 655 1066 718 nihil
1081 669 1113 722 te

114 753 271 835 effugiet3
294 765 391 836 atque
406 775 513 831 omne,
539 756 626 836 quod
652 755 712 820 erit
738 757 769 820 in
785 778 833 832 re,
855 767 1002 820 occurret
1017 767 1113 840 atque

17 853 18 878 ³
115 855 249 919 incidet.

161 957 298 1025 XXXV.
322 959 403 1027 Et
380 981 437 1060 pic,
452 963 526 1022 clim
543 961 583 1022 ad
600 961 847 1026 inveniendum
841 983 872 1024 m
898 927 1037 1026 dicendo
1052 963 1113 1026 tria

115 1059 200 1134 sint3
222 1029 400 1158 apumln
380 1057 501 1124 deinde
517 1063 609 1136 ratio,
624 1084 721 1144 quam
737 1062 813 1128 licet
828 1065 868 1144 (si
883 1064 1043 1150 volumus)
1061 1087 1114 1148 ap·

106 1162 283 1246 pellemus
287 1173 401 1238 artem,
425 1164 551 1226 tertium
578 1164 757 1248 diligentia:
781 1187 845 1228 non
873 1187 1004 1248 possum
1030 1169 1126 1248 equi

116 1266 193 1328 dem
210 1286 273 1328 non
290 1265 419 1348 ingenio
443 1267 560 1348 primas
581 1263 778 1330 concedere:
802 1268 858 1329 sed
885 1279 994 1332 tamen
1011 1269 1115 1352 ipsum

117 1367 281 1450 ingenium
294 1369 457 1450 diligentia
467 1367 565 1430 etiam
580 1389 619 1430 ex
630 1367 779 1430 tarditate
790 1367 916 1430 incitat:
939 1369 1114 1452 diligentia,

17 1523 21 1536 ,
118 1470 262 1554 inquam,
282 1490 354 1550 quae
365 1473 437 1532 edm
451 1469 597 1532 omnibus
607 1470 638 1530 in
650 1470 754 1544 rebuS,
765 1478 832 1540 tum
848 1469 879 1534 in
892 1470 993 1534 causis
1008 1453 1136 1534 defen.¹

118 1572 232 1636 dandis
258 1571 425 1654 plurimum
456 1569 548 1636 valet.
604 1571 685 1636 Haec
713 1573 872 1655 praecipue
903 1572 1041 1636 colenda
1067 1565 1115 1636 est

120 1673 235 1748 nobie,
260 1673 335 1735 ,hec
361 1695 486 1756 semper
513 1675 714 1750 adlribenda3
737 1675 817 1752 haee,
842 1674 917 1738 nihil
943 1686 1002 1752 est,
1027 1677 1114 1758 quod
1146 1693 1154 1704 ·

120 1797 187 1838 non
200 1787 394 1856 assequatur.
439 1776 547 1840 Causa
556 1790 590 1839 ut
602 1779 739 1866 penitus,
751 1779 836 1860 quod
850 1775 939 1842 initio
951 1778 1024 1854 dixi,
1037 1789 1115 1842 nota

120 1878 172 1954 sit,
186 1878 351 1962 diligentia
366 1889 432 1942 est:
456 1891 490 1940 ut
511 1880 724 1942 adversarium
741 1883 861 1942 attente
878 1879 1055 1956 audiamus,
1071 1889 1117 1944 at·

121 2000 184 2060 que
205 1991 239 2044 ut
255 1980 320 2064 ejus
336 2001 400 2042 non
425 1980 526 2042 solum
541 1980 726 2056 sententias,
741 1983 797 2044 sed
813 1982 912 2044 etiam
938 1981 1034 2044 verba
1050 2002 1116 2045 om·
1161 1994 1163 2000 '

17 2123 24 2146 r
107 2083 175 2144 nia
187 2082 392 2164 excipinmnS,
408 2082 508 2148 vultus
526 2082 664 2164 deniqne
681 2083 909 2164 perspiciamus
924 2082 1117 2163 omnes,qui

122 2207 232 2262 sensus
249 2183 346 2248 animi
373 2183 557 2266 plerumque
574 2185 728 2257 indicant,
750 2182 915 2266 diligentia
930 2193 999 2246 est:
1022 2183 1054 2245 id
1070 2194 1115 2246 ta·

123 2309 195 2352 men
208 2286 443 2350 dissimulantur
459 2285 576 2362 facere,
602 2285 717 2350 nasibi
740 2285 790 2348 ille
817 2284 934 2368 aliquid
961 2284 1115 2366 proficere

123 2392 277 2466 videatur,
295 2387 466 2472 prudentia
484 2400 550 2452 est:
574 2388 690 2476 deinde
709 2400 743 2452 ut
759 2388 836 2452 iniis
852 2386 940 2464 locis,
956 2409 1110 2470 quospro·

125 2515 243 2578 ponam
259 2493 354 2576 paulo
370 2495 452 2574 post,
467 2492 666 2574 pervolvatur
683 2491 816 2568 animus,
833 2502 867 2554 ut
881 2514 915 2554 se
930 2493 1055 2574 penitus
1071 2492 1114 2554 in·

124 2596 227 2660 sinuat
243 2597 273 2658 in
290 2617 434 2670 causam,
449 2607 483 2658 ut
498 2596 537 2656 sit
553 2595 628 2658 eura
638 2607 669 2658 et
685 2595 880 2680 cogitatione
895 2579 1046 2668 intentus,
1072 2593 1119 2659 di?

125 2699 255 2783 ligentia
271 2711 338 2762 est:
360 2709 395 2763 ut
411 2697 457 2760 his
473 2697 566 2774 rebus
591 2697 754 2772 adhibeat,
777 2695 1047 2774 tanquamlumen
1065 2694 1105 2757 ali

126 2802 223 2884 quod,
240 2800 436 2874 memoriam,
448 2812 482 2862 ut
497 2821 621 2873 vocem,
636 2810 670 2860 ut
685 2797 764 2860 vires
781 2797 867 2880 [haec
881 2816 1000 2878 magna
1016 2798 1114 2880 sunt}

127 2905 213 2968 Inter
228 2904 390 2988 ingenium
414 2901 542 2984 quidem
559 2912 591 2963 et
603 2899 810 2982 diligentiam,
827 2897 1045 2981 perpaululum
1056 2898 1116 2964 loci

127 3006 279 3088 reliquum
296 3017 345 3070 est
359 3006 438 3068 arti:
462 3025 512 3066 ars
535 3003 734 3065 demonstrat
759 3003 894 3077 tantum,
918 3001 970 3064 ubi
985 3021 1120 3082 quaerite,
1149 3035 1152 3040 ·

128 3121 224 3190 atque
239 3110 293 3172 ubi
308 3107 348 3171 sit
363 3107 447 3182 illud,
464 3106 549 3186 quod
576 3105 705 3168 studeas
719 3104 879 3180 invenire,
900 3104 1020 3186 reliqua
1046 3116 1119 3168 sunt

127 3214 157 3278 in
173 3210 258 3286 cura,
269 3210 445 3274 attentione
462 3206 569 3284 animi,
585 3206 791 3290 cogitatione,
803 3205 975 3292 vigilantia,
991 3207 1119 3272 assidui·

130 3325 205 3390 tate,
228 3313 357 3388 labore,
379 3311 577 3394 complectar
592 3331 656 3374 uno
674 3309 780 3386 verbo,
805 3331 867 3390 quo
892 3311 976 3391 saepe
987 3309 1056 3394 jam
1073 3310 1119 3374 usi

130 3415 434 3500 sumus,diligentia;
456 3413 517 3496 qud
529 3413 591 3478 unal
603 3412 716 3477 virtute
726 3413 975 3478 omnesvirtutes
991 3410 1118 3494 reliquae

131 3521 339 3586 continentur.
384 3517 416 3580 N
420 3536 473 3580 nm
495 3516 646 3582 orationis
661 3515 789 3597 quidem
812 3514 906 3598 copia
920 3513 1062 3578 videmus
1086 3526 1120 3575 ut
