2400 3980
125 149 166 212 ⁴2
376 166 418 212 nr
435 163 584 214 onerosa
600 167 698 212 arnan
717 163 848 212 rarrrus.
1161 102 1166 292 ¹¹

126 311 205 380 bant
215 310 345 380 oelarils
355 333 424 382 esne
435 315 544 393 mutto,
557 317 651 399 quarn
662 313 720 400 ipsi
730 313 856 391 vellent,
870 310 912 377 ab
923 329 963 378 eo
977 329 1112 395 perora·

125 427 202 483 tum.
244 415 329 482 'rum
339 417 781 498 Soeuola,Quidest‚Coltal
804 417 916 501 inquit:
932 415 1110 497 quidesse-

86 531 92 542 ·
124 517 182 586 rist
204 519 320 588 nihilne
328 522 417 588 robis
425 522 456 588 in
466 535 606 590 mentem
615 521 711 600 vonit,
722 522 806 605 qnod
819 525 1002 640 flae'lsslefi'pl
1012 519 1130 630 Cras-l

125 625 351 707 sorequiratisl
366 625 468 693 Immo
477 627 519 706 id,
529 627 719 704 mehercule,
730 625 839 709 inquit,
850 609 1107 712 iirs'irm'ilienoo.
1147 614 1152 625 '

126 725 253 796 Tantus
264 729 348 796 enim
361 751 468 797 cursus
482 731 648 798 verborum
661 730 728 809 nsit,
737 740 770 796 et
780 729 825 796 rio
839 725 975 794 evolavit
989 723 1107 806 oratio,
1128 715 1135 724 ’

126 843 161 899 ut
174 834 240 919 ejus
254 832 316 897 vim
331 845 424 918 atquo
439 809 655 919 irriiitiinem
675 831 892 919 adspexerim3
912 828 1044 916 vestigia
1059 829 1106 896 in·

125 937 387 1021 gressumquevix
398 939 541 1018 riderim3
564 926 598 1005 el
611 936 886 1050 tanquaminalig
924 933 1178 1104 111100Υᾶιῖᾧρ

1074 1059 1105 1116 e,
1177 1081 1179 1138 r

125 1049 191 1105 tem
207 1061 247 1107 ae
268 1040 416 1108 refertam
430 1043 559 1110 domum
573 1043 724 1121 venirem,
746 1007 894 1127 n‘lll‘lxp
905 1007 999 1106 soriti
1007 1059 1025 1102 v

124 1161 227 1225 neque
242 1145 403 1231 proposito
418 1159 561 1232 argento,
575 1169 677 1230 neque
692 1145 806 1212 tabulis
823 1155 856 1211 et
870 1143 967 1229 signis
991 1163 1105 1228 propa·
1179 1158 1180 1200 l

124 1245 189 1312 lam
198 1242 371 1328 collocati,
380 1253 436 1317 sed
445 1251 493 1318 his
502 1253 645 1318 omnibus
654 1251 757 1317 multis
766 1249 1004 1336 magnificisque
1013 1247 1105 1312 rebus
1180 1224 1182 1313 i

125 1353 311 1420 oonstnretis
333 1375 373 1421 eo
394 1356 590 1424 reconditist'
603 1357 649 1422 sio
670 1355 766 1421 modo
787 1355 819 1419 in
841 1352 985 1419 oratione
1000 1351 1105 1416 Crassi
1182 1355 1184 1430 ἶ

59 1539 64 1548 ,
124 1455 247 1537 diuitias
257 1469 351 1543 atqua
362 1473 549 1528 ornamenta
559 1461 625 1548 ejus
636 1460 754 1547 ingenii
766 1481 821 1545 per
832 1457 978 1541 quaedem
989 1445 1105 1540 lurotu·
1184 1489 1185 1494 κ

91 1560 106 1638 ”,
124 1581 179 1628 ere
195 1560 288 1646 atlrue
313 1567 531 1650 integumento
556 1566 722 1650 perspexi:
745 1565 801 1629 sed
816 1583 856 1628 aa
870 1565 944 1628 olrm
966 1570 1105 1626 oontem-

124 1664 204 1750 plnri
225 1687 384 1750 euperem,
405 1667 454 1732 vix
477 1668 650 1752 aspiciendi
665 1679 806 1757 potestas
829 1665 894 1730 fuit.
938 1665 1105 1747 transque

125 1769 187 1834 hoo
202 1789 329 1854 possum
342 1769 459 1848 dicero,
474 1790 524 1835 ma
538 1771 667 1836 omnino
688 1771 834 1857 ignorare
849 1769 923 1853 quid
935 1767 1107 1854 possident,

125 1892 227 1954 neque
239 1871 331 1957 plano
354 1872 444 1939 nosse
457 1897 496 1940 ao
507 1874 628 1940 vidisse.
673 1874 761 1946 Quin
773 1887 807 1940 tu
818 1873 910 1958 igitur
922 1871 999 1938 sanis
1011 1871 1107 1951 idem,

125 1975 224 2059 inquit
238 1976 393 2055 Scaevola,
407 1979 491 2061 quod
506 1977 637 2057 laceres,
651 1979 677 2044 si
691 1979 723 2043 io
739 1978 876 2060 aliquam
898 1975 1027 2041 domurn
1041 1976 1107 2061 ple-

81 2109 87 2124 ,
124 2099 199 2146 nam
219 2091 484 2161 ornamentorum,
505 2082 648 2150 villamve
662 2081 809 2149 venisses.
828 2073 830 2076 ’
853 2081 889 2146 Si
903 2101 943 2146 en
957 2079 1108 2165 seposita,

124 2194 158 2251 ut
179 2185 268 2265 diois,
289 2197 404 2266 essent,
426 2199 460 2253 tu
475 2187 565 2254 valde
586 2185 752 2272 spectandi
769 2184 900 2270 cupidus
915 2202 999 2250 esses
1011 2205 1107 2262 enon

25 2291 29 2296 “
125 2289 284 2358 dubitares
294 2313 407 2377 rogare
416 2292 589 2370 dominnm,
601 2303 635 2356 ut
646 2289 775 2376 proferri
786 2289 920 2375 juberet,
934 2287 1109 2373 praesertim

125 2393 151 2458 si
165 2415 248 2458 esses
263 2395 420 2458 familiaris
432 2413 439 2457 :
461 2395 600 2459 similiter
614 2417 698 2460 nune
713 2407 802 2480 petes
817 2415 836 2458 a
848 2392 974 2470 Crasso,
988 2405 1022 2457 ut
1033 2413 1108 2456 enm

125 2496 253 2580 copiam
267 2507 523 2562 ornamentorum
537 2518 673 2574 suorum,
695 2517 791 2581 quarn
813 2508 1027 2562 construerem
1042 2515 1109 2561 uno

125 2600 156 2664 in
178 2599 261 2676 loeo,
282 2599 371 2680 quasi
387 2621 443 2683 per
457 2585 661 2666 tr‘e'nsenn'am
676 2612 899 2685 pretereuntes
914 2599 1046 2664 strictim
1061 2623 1111 2667 as·

128 2702 279 2789 perimus,
293 2701 324 2768 in
339 2703 442 2770 lucem
456 2705 604 2788 proferat,
619 2717 652 2770 et
666 2727 722 2769 suo
738 2705 875 2788 quidque
887 2703 917 2768 in
931 2705 1002 2768 looo
1014 2705 1112 2770 eollo·

119 2820 189 2874 eet.
233 2807 305 2893 Ego
323 2809 407 2885 verti,
428 2807 527 2891 inquit
544 2809 650 2887 Cotta,
673 2832 692 2874 a
714 2821 745 2874 te
761 2822 848 2894 peto,
871 2809 1036 2873 Scaevola:
1057 2829 1111 2875 me

128 2912 224 2990 enim,
237 2923 270 2977 et
282 2912 365 2976 hune
381 2911 552 2995 Sulpicium
563 2913 694 2998 impedit
706 2915 807 2999 pudor
819 2913 860 2976 ab
872 2912 999 2977 homino
1010 2914 1112 2978 omni·

126 3035 180 3080 um
190 3014 383 3100 gravissimo,
394 3014 447 3096 qui
457 3037 554 3100 genus
568 3017 743 3122 huiusmodi
753 3016 973 3101 disputationis
985 3035 1112 3102 semper

127 3117 341 3194 oontemserit,
363 3118 443 3195 haee,
465 3139 534 3200 quae
552 3123 599 3186 isti
621 3122 749 3186 forsitan
767 3141 934 3207 puerorum
950 3121 1112 3188 elementa

127 3223 303 3300 videantur,
316 3221 485 3305 exquirere.
530 3223 596 3288 Sed
606 3237 641 3288 tu
655 3227 716 3290 lroo
729 3224 819 3289 nobis
839 3226 892 3301 dn,
907 3225 1065 3303 Scaevola,
1077 3239 1110 3292 et

128 3329 255 3414 perfice,
276 3335 311 3390 ut
332 3326 462 3390 Crassus
485 3326 564 3402 hmo,
585 3347 655 3408 quae
676 3328 851 3393 coarctavit
871 3340 903 3393 et
918 3334 1111 3416 perangusto

127 3431 247 3498 refersit
256 3429 288 3494 in
297 3427 439 3494 oratione
448 3429 512 3506 sui,
522 3429 632 3494 dilatet
642 3429 732 3494 nobis
743 3444 836 3514 atque
846 3433 991 3518 explicet.
1026 3433 1110 3519 Ego,

129 3533 317 3611 mehercule,
330 3531 429 3614 inquit
444 3531 579 3607 Mucius,
594 3544 689 3598 auten
704 3535 805 3598 vestra
819 3536 920 3621 magis
936 3538 998 3602 hoc
1011 3532 1110 3604 olusal
1137 3603 1139 3610 ,

128 3638 283 3717 volebam,
307 3655 402 3722 quom
425 3634 503 3706 mei.
549 3633 663 3718 Neque
685 3637 769 3704 anim
792 3648 959 3725 tantopere
981 3641 1109 3710 henos

688 3773 691 3777 ,
771 3743 775 3769 r

950 3899 1109 3909 —.-—·—-——
