2458 3972
242 87 248 94 ’
352 121 560 175 unaucurt
574 121 847 178 tremutantia·
1015 106 1077 178 ila
1154 111 1158 118 '

108 270 160 340 Au
176 229 860 364 numium,oum·soer'ittbpocrstes=ttte
874 268 1076 372 Critia'sulsse
1114 348 1115 352 ,
1217 302 1220 306 ·

2 379 3 382 ’
107 387 177 441 tum
192 377 272 466 alins
284 379 497 464 mediamque
513 380 1076 464 morbir,eliosquivulueribus,alios

9 563 12 570 Ι
52 513 57 517 -
106 479 162 562 qui
183 480 292 558 oeulis,
313 483 531 550 mederentur?
553 484 636 562 aum,
656 485 861 570 geometriam
876 486 1005 552 Euclide
1021 499 1081 552 aut.

1 663 4 670 ι
108 583 309 661 Archimede,
321 607 394 649 num
406 587 556 650 musicam
569 587 712 652 Damone
726 603 779 652 eut
791 578 1075 668 Aristoxeno,'num

108 686 193 770 ipsas
208 687 310 754 literae
325 689 532 773 Aristophane
547 703 601 756 aut
616 687 809 758 Callimacho
824 704 988 770 tractante,
1008 705 1073 758 tam

108 791 403 875 discerptaarfuisae,
425 805 459 858 ut
478 815 571 858 nenio
586 817 684 878 genus
698 797 872 860 ‘uniuersum
887 797 1074 880 conspicere·
1098 854 1101 864 ,
1122 801 1146 829 '‘

58 915 60 920 ’
108 905 201 971 retur,
217 909 310 992 etque
322 907 357 974 ut
369 897 444 960 alius
457 897 547 962 aliern
561 897 617 964 sibi
629 909 760 984 partein,
774 900 805 964 in
818 901 877 984 quei
889 901 1074 978 elaboraret,

102 1000 301 1082 seponerem
319 999 473 1083 Equidem
498 1004 580 1085 saepb
602 1003 663 1074 hoo
685 1004 786 1068 audivi
807 1005 847 1068 de
870 1017 957 1088 petre
979 1017 1011 1068 et
1033 1007 1073 1072 de

28 1125 35 1152 -·
57 1101 60 1107 ’
109 1121 225 1168 socero.
235 1122 315 1186 mee,
329 1116 450 1168 nostros
465 1123 587 1187 quoque
603 1103 752 1184 homines,
767 1107 818 1190 qui
831 1109 983 1184 excellere
994 1109 1074 1196 sapi-

9 1267 35 1316 ,⁴

108 1205 204 1301 entim
215 1203 312 1288 gloriei
325 1207 446 1284 vellent,
460 1209 574 1286 omnia,
589 1229 658 1296 quae
672 1207 796 1294 quidem
808 1221 872 1274 turn
886 1213 1072 1278 haeccivitas

33 1366 35 1370 ,
107 1307 223 1404 uberet,
236 1309 341 1376 solitos
353 1333 419 1375 esse
431 1311 605 1395 complecti.
642 1312 849 1394 Meminerant
862 1313 902 1376 illi
916 1315 987 1379 Sex.
1000 1316 1073 1380 AEli-

108 1432 173 1490 um,
188 1413 233 1478 M’
249 1415 321 1498 verti
336 1415 498 1479 Manilium
510 1437 566 1480 nos
578 1417 672 1493 etiarn
683 1415 812 1482 vidimus
824 1430 996 1482 transverso
1009 1441 1072 1482 enr-

69 1542 72 1546 ’
106 1516 274 1582 buleutam
284 1518 368 1606 ὦτος
390 1521 471 1602 quod
486 1532 553 1584 erat
568 1519 697 1606 insigne,
719 1541 801 1598 eum,
822 1523 873 1603 qui
896 1522 926 1585 id
945 1522 1073 1600 feceret,

106 1621 212 1708 secare
227 1622 343 1692 civibus
355 1623 497 1690 omnibus
509 1623 626 1689 consilii
638 1623 683 1688 sui
695 1623 833 1710 copiam:
846 1627 896 1689 ud
909 1647 986 1709 quos
998 1627 1071 1690 olim

51 1793 53 1798 ,
79 1751 82 1756 ·
101 1729 140 1790 'e‘t
152 1725 195 1790 ite
207 1726 411 1804 ambulantes,
426 1740 457 1794 et
468 1729 498 1791 in
511 1728 587 1792 solio
599 1730 742 1793 sedentes
753 1729 848 1806 domi,
863 1730 907 1794 sic
919 1729 1072 1810 adibatur,

1 1842 9 1856 ‘
106 1848 172 1892 non
187 1829 285 1894 solium
300 1842 333 1893 ut
348 1831 387 1894 de
398 1833 465 1916 jure
487 1833 565 1896 civili
582 1833 621 1896 ed
637 1855 701 1910 eos,
725 1837 831 1897 verum
846 1834 941 1897 etiarn
955 1834 995 1898 de
1010 1833 1071 1898 filie

1 1991 7 2011 ,
105 1932 301 2014 eulbuandd,
313 1935 353 1997 de
367 1935 463 1998 fundo
478 1937 622 2012 emendo,
636 1937 676 2000 de
690 1957 765 2020 agro
777 1937 920 2012 colendo,
934 1929 1070 2000 dennuni

8 2077 12 2084 ·
29 2037 35 2052 '
52 2037 91 2084 “··“
103 2035 241 2132 dpnique
257 2049 310 2102 aut
321 2037 425 2102 officio
441 2041 494 2103 'aut
508 2040 645 2124 negotio,
661 2039 830 2104 referretur.
875 2039 953 2102 Haeo
965 2037 1020 2102 suit
1033 2039 1067 2104 P.

2 2159 7 2168 ”
36 2165 42 2171 ·
107 2141 212 2210 crossi
237 2141 313 2206 illiue
330 2143 450 2218 veteris,
469 2143 543 2206 'haeo
569 2140 619 2207 Ti.
646 2140 844 2218 Coruncanii,
869 2141 937 2204 haec
962 2142 1068 2225 proavi

14 2270 18 2276 ·
60 2319 73 2338 ,
105 2247 299 2334 geberimei,
322 2247 486 2330 Scipionis,
500 2244 726 2338 prudentissimi
740 2244 881 2322 hominis,
906 2244 1069 2328 sapientia,

6 2399 11 2406 .
49 2337 306 2446 f‘.(quijomnes
332 2351 493 2434 pontifices
504 2345 632 2436 xmeu'imi
658 2349 803 2432 fuerunt)
829 2360 861 2414 ut
885 2349 924 2412 ed
941 2359 1004 2414 'eos
1027 2348 1067 2412 de

4 2483 9 2494 ·
88 2453 250 2556 erunibus
264 2455 480 2550 divinis-atque
500 2454 640 2518 burnonis
656 2454 746 2518 rebus
760 2453 940 2530 referretur3
961 2451 1068 2517 iidem·

1 2609 4 2630 ,
105 2577 168 2642 que
190 2559 266 2640 etin
283 2557 402 2622 Senatu
417 2570 447 2622 et
463 2559 545 2640 apud
561 2557 719 2644 populum,
741 2567 773 2622 et
794 2558 826 2620 in
840 2558 941 2622 oensis
953 2557 1068 2622 emico·
1114 2617 1116 2622 .

15 2709 18 2716 ι
83 2682 184 2738 ··rum,
208 2674 239 2724 et
252 2661 338 2724 domi
352 2673 384 2726 et
399 2661 522 2736 militiae,
545 2662 703 2744 consilium
718 2681 806 2742 suurn
822 2661 977 2742 fidemque
992 2675 1068 2742 pree·

23 2913 67 2956 h

79 2767 241 2856 'stabant
285 2765 370 2836 auid
387 2767 468 2832 euim
493 2765 537 2830 M.
554 2765 677 2839 Catoni,
697 2775 808 2848 praeter
823 2763 904 2826 hunc
928 2762 1068 2846 politissi-

106 2889 190 2934 mum
206 2869 381 2938 doctrinam
404 2869 639 2932 transmarinum
663 2878 756 2950 etque
773 2864 990 2941 adventiciam,
1015 2865 1067 2928 de·

11 2977 20 3060 ζ
89 2959 162 3038 tob
173 2973 192 3036 r,
208 2993 293 3050 num,
304 2973 376 3056 quia
387 2974 435 3058 jus
451 2972 537 3034 civile
553 2963 833 3046 didiceratcausas
846 2991 907 3032 non
922 2969 1067 3036 dicebatl

59 3147 67 3162 ,
102 3089 174 3154 dut,
185 3078 258 3160 quia
273 3065 395 3160 poterat
409 3077 523 3152 dicere,
543 3075 617 3160 juris
632 3073 793 3138 scientiam
810 3073 1011 3158 negligebatl
1034 3083 1066 3140 ai

104 3192 236 3264 utroque
246 3181 278 3244 -in
293 3201 408 3264 genere
423 3192 455 3245 et
466 3177 627 3254 loboravit,
638 3188 668 3240 et
678 3177 826 3262 praestitit.
869 3177 965 3253 Num,
977 3197 1067 3262 prop·

39 3293 59 3368 J
105 3296 152 3348 ter
167 3285 249 3347 banc
262 3302 300 3347 er
317 3284 502 3365 privaturum
522 3281 656 3366 ,negotiis
670 3280 833 3345 collectam
850 3280 993 3363 gretiam,
1007 3290 1067 3344 tar·

12 3421 16 3427 ·
104 3387 213 3454 diorin
229 3386 386 3472 republica
400 3385 591 3470 capessendis
605 3381 682 3450 suitl
704 3403 797 3450 nerno
819 3385 901 3468 apud
918 3383 1067 3469 populum

51 3497 64 3528 4

104 3491 221 3568 fortior,
247 3509 339 3554 nemo
354 3489 461 3555 melior
485 3501 627 3556 senator:
648 3487 730 3553 idem
751 3488 840 3554 facile
864 3489 997 3574 optimus
1011 3487 1066 3552 im·

104 3609 249 3684 perator:
271 3594 405 3677 denique
428 3591 502 3660 nihil
515 3594 628 3660 iubeo
647 3591 771 3660 civitate
795 3591 986 3679 temporibus
1009 3590 1065 3655 illis

5 3713 15 3736 ⁴
173 3741 175 3750 ,

119 3751 225 3792 ἰθ

231 3863 256 3892 O
