2466 3966
386 173 427 216 ou
445 171 594 216 onaronn
611 171 708 214 ursan
725 172 901 217 sncuunus.
1077 152 1134 212 tea

161 348 166 355 ·
189 309 342 398 Paulum,
358 313 457 402 inquit
472 317 613 397 Catulus,
628 319 725 384 etiarn
741 339 825 383 nuno
839 322 950 386 deesse
964 321 1085 386 videtur
1099 318 1134 382 iis

157 425 410 502 rebus-Antoni,
425 445 504 508 quas
519 424 698 510 exposuisti,
714 426 797 507 quod
818 425 857 489 sit
883 425 939 489 tibi
954 429 1027 491 ante
1040 425 1134 508 expli*-

157 532 306 606 oandum,
321 531 413 611 quant
429 528 501 593 illue
516 521 726 613 proficiscare,
745 531 808 612 qud
819 528 948 594 ‘te'dicis
963 527 1136 614 intendere,

157 633 345 704 Quidnam?
368 632 475 715 inquit.
521 633 686 706 Quiordo'
700 633 756 698 tibi
776 634 913 720 placeat,
927 634 1026 715 inquit
1040 633 1134 698 Catu-

156 737 214 814 lus,
226 749 258 802 et
269 757 340 818 quae
355 737 517 821 dispositio
528 751 794 822 argumentorum,
806 739 836 802 in
851 737 911 820 qua
925 735 1042 802 tumilri
1057 757 1135 800 sem·
1153 793 1157 804 ι

157 861 212 923 per
227 835 303 904 deus
319 840 414 920 videri
428 842 518 906 soles.
562 841 642 905 Vide
657 845 754 924 quant
764 843 821 906 sim
835 841 865 907 in
878 842 937 906 isto
948 856 1075 926 genere,
1090 838 1134 902 in·

156 944 233 1024 quit,
248 943 370 1022 Catule,
385 946 481 1009 deus:
507 961 582 1021 non,
610 945 801 1022 mehercule,
817 944 906 1024 mihi,
926 944 1134 1010 nisiadntoni·
1208 957 1212 984 ι

157 1060 200 1126 ιο,
215 1049 350 1112 venisset
365 1050 395 1111 in
411 1059 568 1123 mentern3
590 1062 623 1111 ut
639 1049 738 1131 possis
759 1049 946 1127 existimare,
972 1069 1024 1114 me
1037 1049 1067 1112 in
1085 1069 1134 1122 ea,

156 1153 187 1215 in
203 1152 313 1236 quibus
325 1171 552 1234 nonnunquam
563 1151 678 1233 aliquid
688 1151 813 1218 efficere
825 1153 941 1230 videor,
957 1173 1014 1217 usu
1034 1152 1133 1216 solere

157 1257 188 1319 in
215 1256 361 1333 dicendo,
375 1255 425 1320 'vel
451 1277 527 1319 casu
551 1256 654 1340 potiris
677 1255 843 1320 incurrere.
887 1255 1133 1336 Acresquidern

156 1361 225 1438 ista,
240 1379 346 1444 ‘quam
362 1379 433 1443 ego,
448 1359 521 1440 quia
547 1380 610 1423 uon
626 1357 745 1436 nitram,
761 1360 807 1422 sic
823 1370 973 1440 tanquam
989 1357 1131 1442 ignotum

157 1457 326 1540 homine'm,
342 1463 552 1548 praeteribam,
571 1473 692 1526 tanturn
709 1473 814 1546 potest
828 1462 858 1525 in
882 1462 1027 1544 dicendo,
1039 1467 1076 1524 ἰιι
1091 1460 1132 1522 ad

157 1569 345 1632 vincendum
371 1567 457 1632 nulla
480 1567 549 1652 plus
570 1567 685 1653 possit:
709 1567 763 1652 sed
791 1576 898 1632 tamen
924 1565 997 1630 milri
1021 1564 1132 1628 videris

133 1699 135 1706 ·
158 1685 248 1738 ante
258 1684 380 1758 tempus
404 1695 422 1738 a
446 1693 497 1738 me
519 1673 673 1738 rationem
689 1671 804 1760 ordinis
819 1681 851 1736 et
865 1669 1131 1786 disponendarum

145 1773 259 1844 ‘rerum
271 1799 443 1860 requisisse
488 1777 611 1861 Nam'
589 1799 614 1841 st
625 1763 691 1862 ego
696 1797 823 1842 ornnem
833 1796 895 1840 vnn
905 1776 1034 1846 oratoris
1046 1787 1080 1837 ιιι
1087 1795 1132 1838 ar

157 1883 313 1968 gumentis
339 1893 371 1946 et
395 1883 427 1946 in
442 1900 475 1947 re
487 1881 554 1966 ipsa
578 1903 635 1966 per
649 1903 682 1946 se
697 1880 934 1966 comprobanda
949 1866 1133 1964 posuissem,

157 1999 281 2072 ternpus
296 1997 378 2051 esset
388 1986 455 2072 jani
481 1986 521 2050 de
546 1985 654 2050 ordine
676 1995 953 2070 argumentorum„
967 1994 1000 2047 et
1014 1984 1054 2047 de
1068 1983 1132 2046 col·

55 2163 63 2184 Α
156 2091 315 2157 locatione
325 2069 440 2174 aliquid
452 2089 575 2156 dicere:
598 2089 653 2154 sed
680 2091 752 2153 oiim
768 2089 825 2152 tria
844 2088 938 2151 sint'a
953 2107 1003 2150 mc
1018 2105 1131 2169 propo·

156 2194 226 2271 sita,
240 2195 281 2258 de
293 2193 505 2269 uno'dietum3
527 2193 648 2257 cdmde
660 2192 782 2284 duobus
796 2190 920 2274 reliquis
931 2191 1050 2265 duero,
1060 2201 1128 2252 tutu

157 2296 215 2360 erit
228 2297 364 2378 denique
379 2297 419 2366 de
434 2296 630 2381 disponenda
640 2295 707 2360 tota
721 2296 862 2360 oratione
877 2293 1087 2378 quaetendum.

1 2393 51 2448 9⁴
146 2482 152 2489 q
198 2399 317 2469 XLIII.
340 2399 432 2466 Valet
457 2401 551 2484 igitur
573 2399 705 2476 multtirn
728 2399 983 2496 advincendunt,
1006 2398 1129 2484 probari

82 2487 138 2516 '‘⁴‘'
156 2477 294 2580 libies,
283 2487 590 2582 idalilirffetlacta,
605 2515 637 2569 ct
652 2506 747 2569 vitam
762 2521 870 2570 eorum
883 2505 943 2586 qui
950 2515 1045 2590 agent
1057 2523 1129 2568 cau·

43 2657 51 2678 ,
156 2629 217 2684 sas,
232 2621 381 2672 eteorum
392 2629 449 2692 pro
464 2608 589 2691 qutbds
613 2621 645 2672 et
659 2621 734 2673 rtem
756 2609 925 2694 improbari
940 2608 1129 2672 adversario
1198 2649 1202 2654 -

156 2732 242 2788 tum3
269 2703 452 2795 animosque
479 2731 597 2790 eorum,
623 2713 707 2796 apud
732 2735 809 2796 quos
836 2715 947 2796 agitur,
970 2709 1128 2776 conciliari

155 2818 248 2896 quam
276 2817 409 2880 marinae
434 2816 476 2878 ad
492 2813 754 2892 benevolentiam,
779 2818 852 2880 edm
872 2806 947 2898 erga
962 2827 1128 2887 oratorem,

46 2963 53 2986 .
155 2933 221 2986 turn
248 2939 324 3005 erga
350 2921 445 2997 illurn,
471 2941 528 3004 pro
554 2935 617 3002 quo
642 2918 726 2983 dicct
752 2930 866 2983 orator.
916 2917 1129 2982 Conciliantur

156 3036 262 3088 autem
279 3025 374 3086 animi
401 3023 554 3107 dignitate
569 3021 712 3097 hominis,
738 3021 829 3086 rebus
844 3021 951 3106 gestis,
974 3022 1128 3086 existima·

62 3187 72 3212 ,
113 3155 116 3162 ¹
155 3127 240 3191 tione
256 3127 348 3203 sitae3
373 3147 464 3208 quaa
458 3125 578 3191 faciliirs
603 3126 707 3190 ornari
733 3137 872 3210 possunt,
887 3127 1021 3191 simodo
1046 3137 1127 3202 aunt,

154 3232 249 3314 quint
264 3229 388 3314 fingi,
364 3250 390 3294 st
405 3229 490 3295 nulle
504 3241 585 3294 sunt.
631 3229 696 3294 Sed
711 3229 780 3294 haec
790 3231 958 3315 adjurant
952 3242 1128 3308 motatore,
1144 3251 1146 3259 ’

155 3335 265 3400 lenitas
294 3334 389 3410 vocis,
414 3333 554 3420 [vultis]
581 3335 708 3418 pudoris
736 3334 934 3418 significatio,
962 3322 1126 3418 verbosititi
1157 3367 1160 3374 ·
1189 3322 1212 3369 '⁸

109 3401 158 3463 ΛΛ
147 3429 306 3503 latinitas:
329 3459 354 3500 st
346 3437 443 3524 quid
456 3459 641 3520 persequare
658 3437 769 3514 acrids,
784 3449 818 3502 ut
828 3437 939 3502 inritus
951 3449 983 3504 et
997 3449 1127 3504 coactus

155 3541 259 3608 fecere
285 3541 425 3606 videare:
451 3539 618 3619 facilitatis,
643 3540 845 3620 liberalitatis,
872 3541 1126 3614 mansuetudinis,

18 3654 21 3664 '
108 3665 111 3670 ·
154 3646 290 3739 pietatis,
304 3648 386 3734 grati
397 3646 501 3724 auitui,
511 3665 574 3712 non
585 3647 773 3732 appetentis,
783 3667 846 3712 uon
860 3643 1048 3728 aiidi,sigua
1059 3663 1127 3731 pro·

58 3765 73 3804 ι
