2400 3980
149 117 189 174 50
391 133 433 176 na
457 133 607 178 cernone
631 135 727 178 crena
752 135 879 181 enimus.

145 282 249 367 plures
260 282 489 367 complectitur,
500 295 614 368 partes
658 283 767 348 Partes
778 294 883 348 autern
892 294 1022 404 sqnt,
989 307 1150 372 quaege-

144 387 303 453 neribus”
285 409 330 465 ns,
345 409 383 454 ex
398 389 509 470 quibus
524 353 920 512 emanan(‘suliiicprirtur
939 391 1143 474 omniaque,

145 515 216 577 quae
230 504 303 558 sunt
316 493 366 558 iel
385 513 536 577 generum
552 492 599 557 vel
615 495 749 577 partium
772 476 910 570 norlllrln,
935 494 1140 560 definitioni·

144 597 863 714 bus,quamvimhabeant,estexprimendum.
906 597 1060 664 Estenim
1071 595 1137 664 de·

141 703 251 780 finitio,
272 723 380 766 earum
395 721 508 779 rerum,
533 721 604 786 quae
618 702 802 869 suerchus
788 702 836 766 rei
852 701 995 785 proprie,
1019 723 1134 786 quam

73 847 75 853 ,
113 807 181 872 'de
207 827 271 870 mre
286 804 439 881 volumus
464 804 577 882 brevis,
599 819 631 870 et
691 778 1045 889 curds'criptaquaedam
1071 829 1132 872 err·

114 907 129 935 ''‘
141 898 280 1002 plicatio
324 909 421 982 Hisce
446 931 508 994 ego
533 909 625 974 rebus
651 909 796 993 exempla
811 909 1025 994 adjungerem,
1050 913 1130 988 nisi,

139 1015 223 1098 epud
237 1035 315 1097 quos
330 1014 399 1078 haec
414 1015 581 1079 haberetur
597 1015 708 1090 oratic,
722 1031 903 1078 cernerem:
929 1035 1013 1078 nunc
1029 1035 1127 1079 corn·

139 1119 260 1204 plectar
275 1119 359 1202 quod
376 1119 534 1203 proposui,
548 1119 643 1184 brevi.
687 1119 722 1182 si
740 1119 823 1182 enim
850 1129 904 1182 aut
920 1119 993 1182 milri
1008 1119 1125 1184 secere

136 1217 267 1300 licuerit,
283 1224 367 1307 quod
379 1223 500 1308 jamdiu
516 1223 635 1306 cogito,
648 1234 703 1286 ant
718 1222 795 1287 alius
810 1221 974 1306 quispiam,
987 1234 1053 1300 aut,
1064 1244 1123 1288 me

136 1329 298 1413 impedito,
322 1327 495 1411 occuperit,
520 1329 574 1392 eut
599 1338 722 1392 mortuo
748 1325 895 1402 effecerit,
920 1337 954 1390 nt
976 1328 1118 1410 primum

136 1453 230 1498 omne
241 1433 291 1518 jus
307 1431 396 1498 civile
412 1433 441 1496 in
457 1453 576 1515 genera
590 1431 722 1516 digerat,
748 1451 820 1513 quae
835 1451 995 1514 perpauca
1020 1443 1120 1508 sunt;

134 1537 249 1602 deinde
264 1559 372 1602 eorum
396 1558 547 1620 generum
572 1537 661 1620 quasi
676 1536 822 1618 quaednm
838 1533 980 1599 membra
993 1537 1116 1620 disper,

133 1641 211 1717 tiet·
232 1653 298 1704 tnm
314 1642 473 1724 propriam
499 1640 649 1725 cujusque
665 1641 727 1703 vim
742 1639 922 1702 definitione
948 1637 1115 1716 declaret,

131 1743 322 1850 perfectam
323 1754 421 1808 artem
430 1743 505 1829 juris
521 1741 615 1806 civilis
631 1741 795 1819 habebitis,
821 1743 923 1828 magis
945 1764 1112 1828 magnum,

132 1847 228 1932 alque
243 1818 383 1922 uberem,
398 1869 492 1930 quem
503 1845 661 1911 difficilem
674 1859 769 1930 atque
781 1847 957 1912 obscuram.
1000 1848 1108 1930 Atque

15 1945 18 1950 ¹
129 1955 384 2028 intereatamen,
407 1951 914 2035 dumhaec,quaedispersasunt,
940 1964 1106 2037 coguntur,
1169 2043 1171 2048 ,

129 2057 178 2122 rel
201 2059 317 2142 passim
333 2056 407 2122 licet
422 2069 617 2141 carpentem,
632 2067 664 2120 et
676 2053 878 2140 colligentem
893 2057 1043 2138 undique,
1057 2079 1104 2122 re·

20 2240 24 2248 Ι
128 2162 205 2249 pleri
213 2165 297 2251 juste
305 2164 380 2250 juris
390 2161 485 2228 civiti·
497 2161 637 2225 scientia.

169 2269 287 2334 XLIll.
310 2269 427 2332 Nonne
442 2266 562 2342 videtis,
577 2265 714 2347 equitem
730 2263 922 2342 Romanurn,
943 2266 1099 2331 hominem

127 2373 307 2438 acutissimo
322 2373 461 2434 omnium
478 2371 615 2453 ingenio,
638 2371 692 2433 sed
709 2370 835 2436 minime
850 2370 969 2434 caeteris
984 2371 1099 2436 artibus

16 2493 19 2500 '
126 2477 291 2550 eruditum,
317 2475 353 2539 C.
367 2473 575 2550 Aculeonem,
600 2463 790 2554 quimecum
807 2473 888 2550 vivit,
914 2495 1096 2558 semperque

124 2580 207 2655 vixit,
219 2579 262 2643 ita
278 2591 384 2643 tenere
395 2579 446 2663 jus
460 2577 560 2654 civile,
575 2589 609 2642 ut
624 2578 663 2654 ei,
674 2581 747 2641 edm
764 2578 804 2640 ab
818 2578 878 2642 lroc
890 2579 1095 2656 discesseritis,

122 2705 218 2750 nemo
234 2685 273 2748 de
289 2684 334 2762 iis,
360 2684 412 2767 qui
427 2683 601 2767 peritissimi
623 2693 707 2758 runt,
727 2683 958 2765 anteponatur?
981 2683 1093 2749 Omnia

122 2790 204 2856 enim
220 2801 292 2856 sunt
315 2788 418 2874 posita
442 2800 515 2852 ante
539 2787 658 2865 oculos,
683 2786 840 2851 collocata
863 2787 893 2850 in
921 2809 977 2851 usu
1000 2791 1093 2870 quoti-

122 2896 228 2972 diano,
253 2897 283 2959 in
299 2895 520 2979 congressione
541 2893 702 2957 hominum
719 2903 813 2974 atque
839 2893 869 2956 in
885 2892 971 2956 soro:
994 2913 1091 2974 neque

120 3002 163 3067 ite
179 2999 282 3063 multis
305 2998 399 3063 literis
425 3009 479 3062 aut
500 2997 708 3062 voluminibus
735 2999 856 3080 magnis
882 2978 1088 3063 continentur:

99 3103 104 3114 '
119 3089 231 3172 eadem
247 3102 330 3167 enim
346 3114 419 3167 sunt
432 3103 515 3168 elate
529 3104 692 3186 primumn
707 3102 858 3188 pluribus:
881 3103 1004 3179 deinde,
1012 3123 1087 3187 ,pau-

118 3209 162 3275 cis
191 3206 291 3273 verbis
317 3209 528 3284 commutetis,
556 3209 652 3271 etiam
679 3207 719 3270 ab
745 3207 854 3271 iisdem
881 3207 1085 3292 scriptoribus,

117 3313 233 3398 scripta
248 3319 321 3376 sunt
335 3311 455 3396 soepirls.
500 3312 635 3376 Accedit
649 3311 722 3375 vero
749 3311 812 3394 quo
833 3311 952 3376 facilius
976 3303 1097 3398 percipi'
1182 3289 1183 3312 l

116 3416 328 3504 cognoscique
340 3416 390 3502 jus
406 3414 494 3480 civile
511 3416 618 3499 possit,
634 3399 732 3498 (qdod
750 3415 875 3480 minime
893 3415 1027 3500 plerique
1040 3439 1081 3482 ar·
1181 3405 1182 3422 ³

115 3522 293 3605 bitrantur‚)
306 3520 383 3585 mira
398 3520 543 3602 quaedem
559 3520 590 3584 in
606 3520 831 3605 cognoscendo
845 3522 982 3585 suavitas
993 3534 1022 3586 ct
1034 3523 1079 3587 de·

114 3627 252 3695 lectatio.
296 3624 392 3702 Nam,
407 3625 470 3690 sive
486 3645 579 3707 quem
593 3620 695 3690 aliena
711 3625 813 3689 studia
825 3624 1004 3702 delectentr
1023 3627 1077 3712 plu·
1178 3651 1179 3680 2
