2466 3966
97 53 157 126 174
328 69 371 113 oe
387 59 540 114 onerate
556 68 655 114 urnuu
671 65 854 116 secutoris.

15 273 19 284 ,
94 211 195 277 teneri
209 231 303 294 posse
319 231 369 290 on,
395 217 466 294 quaa
481 215 718 298 perciperentur
742 215 869 280 auribus
894 223 952 278 aut
966 213 1091 299 cogita·

94 313 192 389 tione,
218 313 246 378 ri
258 314 356 392 etiarn
370 316 534 380 oculorum
550 317 833 380 commendatione
855 317 969 380 auiutis
984 317 1090 384 trade·

93 426 222 490 rentur3
243 427 278 479 ut
293 438 342 480 res
357 438 473 492 omens,
499 427 532 480 et
547 419 589 480 ab
605 419 775 501 adspectds
796 418 918 501 judicio
936 428 1090 506 remotas,

93 516 305 580 conformatio
320 519 526 596 quaedamst
540 519 660 601 imago,
676 531 709 583 et
723 521 827 603 figura
841 519 886 584 ita
901 529 1039 596 notaret,
1053 530 1090 582 ut

94 636 145 694 ea,
171 637 243 699 quae
258 617 433 700 cogitando
454 618 625 699 complecti
641 640 705 684 non
732 641 907 704 possemus,
932 621 1088 709 intuendo

94 720 183 800 quasi
195 730 398 784 teneremus·
429 717 488 780 His
497 729 606 782 autem
615 720 829 812 sormis‘atque
845 721 1042 802 corporibus,
1051 722 1088 786 si»

93 830 149 884 cut
175 822 321 884 omnibus
344 840 416 901 quae
431 821 489 882 sub
516 821 704 902 adspectum
730 820 870 898 veniunt,
898 823 1088 886 admonetur

93 921 248 986 memoria
263 931 382 996 nostra,
409 930 505 1004 atque
528 924 702 986 excitatur:
725 923 781 986 sed
809 922 887 1016 locis
914 944 994 1006 opus
1020 936 1086 989 est:
1168 1000 1171 1004 .
1205 931 1210 937 '

93 1024 211 1086 etenim
228 1023 342 1104 corpus
358 1021 489 1105 intelligi
504 1023 572 1088 sine
587 1023 660 1087 loco
675 1043 741 1088 non
762 1035 888 1107 potest:
911 1047 1021 1107 quare,
1045 1047 1091 1114 ne

92 1125 125 1186 in
140 1145 174 1187 re
186 1121 263 1187 noti
277 1133 310 1186 et
325 1124 510 1207 pervulgati
525 1125 640 1190 multus
657 1136 688 1190 et
703 1126 842 1190 insolens
864 1127 933 1204 sim,
949 1128 1027 1192 locis
1039 1111 1107 1192 θεῖω

93 1225 247 1288 utendum
275 1225 391 1302 multis,
416 1227 594 1302 illustribus,
623 1227 799 1310 explicatio,
834 1230 968 1294 modicis
994 1231 1089 1295 inter-

94 1325 202 1402 vallis3
223 1327 415 1411 imaginibus
431 1339 539 1392 autem
556 1330 735 1412 agentibus,
761 1331 896 1408 acribus,
922 1331 1089 1415 insignitis,

94 1449 175 1510 quae
181 1433 359 1505 occurrere,
384 1431 591 1512 celeriterque
606 1443 771 1514 percutere
788 1432 940 1508 animum,
955 1434 1088 1516 possint.

95 1530 206 1600 Quam
222 1533 409 1596 facultatem
435 1543 467 1596 et
482 1534 668 1596 exercitatio
683 1534 793 1609 dabit3
814 1554 852 1598 ex
879 1555 941 1615 qua
955 1546 1089 1598 corsua

94 1632 172 1695 tudo
187 1633 345 1715 gignitum
356 1639 403 1695 et'
414 1633 560 1695 similium
575 1635 744 1698 verborum
759 1653 914 1699 conversa
929 1647 962 1699 et
976 1621 1089 1700 immu-

93 1744 163 1801 tnta
179 1734 315 1808 casibus,
332 1743 385 1795 aut
401 1735 550 1798 traducta
565 1756 603 1797 ex
619 1746 710 1818 parte
724 1738 765 1799 ad
779 1759 882 1819 genus
895 1739 1029 1814 notati0,
1044 1750 1090 1812 et,

94 1835 186 1898 unius
201 1834 310 1898 verbi'
303 1836 452 1918 imagine,
467 1836 562 1898 totius
573 1837 739 1900 sententiae
752 1839 942 1914 informati0,
957 1839 1090 1922 pictoris

63 1981 68 1986 -
94 1937 261 2021 cujusdam
276 1936 530 2014 summiflratione
554 1949 586 2001 et
601 1939 707 2014 modo,
734 1940 904 2003 formarum
932 1941 1089 2006 varietate

49 2084 50 2087 κ
95 2039 184 2106 locos
195 2038 426 2123 distinguentis.

137 2132 354 2208 LXXXVIII.
379 2143 444 2206 Sed
461 2143 626 2207 verborum
642 2143 807 2217 memoria,
828 2162 899 2223 quae
921 2144 1027 2230 minuis
1039 2157 1090 2208 est

29 2255 33 2265 '
95 2246 187 2311 nobis
203 2246 392 2320 necessaria,
422 2247 541 2328 majore
557 2245 732 2327 imaginum
747 2244 899 2308 varietate
925 2246 1090 2329 distingui-

95 2359 164 2411 tur:
187 2348 287 2410 multa
302 2347 387 2409 enim
413 2358 485 2408 sunt
501 2346 607 2421 verba,
633 2367 715 2428 quae,
740 2345 830 2426 quasi
854 2346 986 2421 articuli,
1012 2365 1110 2416 com,
1223 2337 1225 2370 ³

62 2445 64 2448 ’
96 2459 230 2514 nectunt
260 2447 405 2510 membra
434 2447 595 2521 orationis,
626 2467 697 2527 quae
727 2446 860 2510 formari·
884 2447 1088 2513 similitudine

11 2617 14 2624 ,
97 2550 181 2615 nulla
206 2557 356 2631 possunt:
383 2567 493 2611 eorum
515 2549 679 2630 fingendae
705 2548 796 2610 nobis
822 2559 895 2612 sunt
921 2550 1089 2632 imagines,

96 2653 207 2735 quibus
234 2671 360 2734 semper
386 2660 520 2712 utamur.
566 2649 687 2712 Rerum
703 2651 857 2714 memoria
883 2653 1011 2734 propria
1037 2667 1088 2716 est

97 2755 248 2820 oratoriS:
270 2773 355 2832 eam,
366 2751 494 2834 singulis
509 2751 651 2834 personis
665 2751 749 2815 bene
761 2752 880 2835 positis,
892 2763 1004 2817 notare
1017 2775 1090 2836 pos·

96 2879 214 2936 sumus,
229 2868 264 2920 ut
278 2856 452 2920 sententias
467 2855 667 2938 imaginibus,
682 2855 825 2918 ordinem
840 2855 928 2930 locis,
943 2875 1088 2938 compre·

96 2961 285 3025 heudamus.
330 2957 445 3038 Neque
454 2977 563 3020 verum
574 2967 632 3032 est,
644 2957 730 3040 quod
744 2958 785 3020 ab
796 2955 948 3019 inertibus
961 2958 1087 3034 dicitur,

96 3061 232 3146 opprimi
261 3059 447 3122 memoriam
475 3059 832 3142 imaginumpondere,
861 3068 894 3120 et
923 3059 1088 3123 obscurari
1176 3112 1180 3117 .

95 3164 194 3229 etiarn
219 3161 262 3237 id,
287 3159 373 3240 quod
398 3180 455 3242 per
481 3181 514 3223 se
541 3170 654 3223 natura
679 3169 788 3222 tenere
803 3158 968 3239 potuisset.
1013 3159 1087 3224 Vidi

92 3266 181 3331 enim
196 3284 259 3348 ego
284 3281 424 3326 summos
450 3260 605 3336 homines,
630 3270 662 3323 et
677 3257 895 3344 divindprope
922 3262 1087 3337 memoria,

96 3366 230 3432 Athenis
246 3363 474 3439 Charmadam,
488 3364 519 3425 in
534 3361 609 3425 Asia
624 3362 735 3442 (quem
750 3361 853 3426 vivere
869 3361 965 3426 hodie
981 3362 1085 3447 aiunt)

95 3469 263 3552 Scepsium
279 3465 512 3541 Metrodorum,
531 3482 664 3546 quorum
680 3471 822 3544 uterque,
848 3474 1003 3544 tanquam
1018 3463 1086 3530 lite·
