2396 3978
315 90 318 95 '
349 100 391 141 mr
416 99 569 142 oenone
597 99 695 142 menn
719 100 851 144 ceruus.
1058 86 1098 144 27

95 242 261 322 trientibus
277 243 455 328 jucundum
471 246 550 310 satis
565 246 632 312 fore
647 247 824 324 videbatur,
838 247 874 323 ei,
897 248 971 310 crim
988 267 1043 310 voe
1058 247 1099 312 de

94 346 194 410 rebus
211 347 279 410 aliis
294 347 514 430 loqueremini,
536 363 644 414 tamen
671 371 729 413 nos
756 350 873 432 aliquid
889 371 928 414 ex
952 369 1099 414 sermone

93 461 205 512 vestro
232 450 386 514 memoria
411 437 541 534 dignum
570 453 717 536 excipere
748 473 932 535 possemus,
962 463 997 516 ut
1022 452 1098 516 verd

93 552 226 633 penitds
242 553 272 615 irr
289 575 361 616 eom
378 555 479 637 ipsam
496 557 592 620 totius
608 557 698 640 liujus
715 556 762 620 rel
779 555 884 631 studii,
899 554 948 618 vel
964 553 1098 634 artificii,

94 654 147 717 vel
162 655 334 732 facultatis,
344 657 592 741 disputationem
610 681 702 742 paene
716 659 860 722 intimam
878 657 1033 733 veniretis,
1048 657 1098 720 vix

93 758 278 840 optandum
302 759 392 824 nobis
408 761 583 826 videbatur.
630 761 702 844 Ego
717 762 814 838 enim,
840 760 894 844 qui
910 760 952 824 ab
967 760 1097 822 ineunte

2 873 10 878 '
93 872 196 924 aetete
212 861 360 924 incensus
386 885 488 926 essem
506 866 611 928 studio
637 865 800 947 utriusque
816 863 964 940 vestnlm,
991 861 1097 925 Crassi

91 964 173 1054 ¹verri
189 965 286 1028 etiarn
301 986 421 1041 amore,
436 969 508 1030 erim
526 968 568 1031 nb
581 987 620 1030 eo
633 988 790 1050 nusquam
806 967 1016 1042 discederem,
1031 985 1096 1028 ver·

91 1066 175 1130 bum
192 1089 229 1130 ex
246 1090 286 1131 eo
309 1071 472 1151 nunquam
501 1070 615 1134 elicere
631 1071 719 1152 potui
735 1072 775 1133 de
800 1069 829 1131 vi
845 1089 885 1132 ac
912 1068 1039 1133 ratione¹
1051 1066 1097 1130 di·

91 1171 203 1247 cendi,
215 1173 288 1234 crim
306 1183 336 1238 ct
354 1193 410 1254 per
426 1175 648 1256 memetipsum
665 1173 813 1256 egissem,
828 1182 860 1235 et
884 1192 940 1256 per
956 1171 1093 1234 Drusum

90 1275 183 1356 saepe
199 1273 391 1338 tentissem:
414 1296 479 1358 quo
494 1276 525 1338 in
540 1296 659 1359 genere
672 1287 717 1351 tn,
729 1274 849 1338 Antoni
866 1274 952 1355 (vere
965 1274 1092 1357 loquar)

87 1397 261 1458 nunquam
287 1377 374 1454 milri,
400 1379 602 1461 percontanti
635 1388 688 1440 aut
704 1377 858 1458 quaerenti
885 1375 1015 1458 aliquid,
1040 1376 1094 1440 de·

92 1479 197 1554 fuisti,
221 1490 253 1542 et
266 1501 411 1564 perseepe
425 1502 487 1555 me,
503 1502 574 1562 quae
587 1481 703 1544 soleres
719 1480 750 1544 in
766 1479 904 1544 dicendo
915 1479 1094 1554 observare,

91 1582 245 1646 docuisti.
291 1583 322 1645 N
326 1605 388 1646 unc
404 1583 555 1666 quoniam
570 1593 702 1668 uterque
718 1582 857 1646 vestrirm
873 1580 1026 1664 patefecit
1040 1601 1093 1644 eus
1184 1633 1190 1640 .

91 1706 165 1749 rum
181 1706 284 1748 rernm
297 1686 435 1770 ipserum
454 1687 586 1763 aditum,
601 1708 681 1769 quas
694 1685 874 1770 quaerimus,
889 1695 921 1748 ot
939 1684 1090 1766 quoniam

89 1790 242 1873 princeps
258 1790 391 1854 Crassus
406 1791 473 1875 ejus
488 1791 641 1854 sermonis
657 1789 799 1854 ordiendi
824 1789 892 1866 fuit,
907 1789 983 1852 dete
999 1787 1091 1852 nobis
1194 1813 1195 1818 ¹

90 1893 179 1956 hanc
195 1893 332 1968 veniam,
344 1903 378 1958 nt
390 1914 440 1969 ee,
451 1915 522 1976 quae
534 1894 655 1956 sentitis
670 1894 711 1956 de
724 1893 810 1956 omni
823 1890 1090 1976 generedicendi,

89 1995 248 2060 subtiliter
271 1997 515 2079 persequemini.
561 1997 660 2066 Quod
678 1996 806 2080 quidem
830 1995 929 2062 aierit
954 2017 975 2058 a
1000 1995 1089 2059 vobis

88 2099 476 2183 inipetratum,magnem
493 2100 630 2176 habebo,
644 2101 769 2175 Crasse,
794 2100 867 2163 huic
882 2099 1040 2182 palaestrae
1056 2107 1088 2162 et

89 2201 278 2266 Tusculano
294 2213 350 2266 tuo
371 2203 531 2285 gratiem3
554 2215 585 2266 et
601 2202 696 2284 longe
713 2202 899 2266 Academiae
914 2201 956 2263 illi
972 2222 1011 2268 ac
1027 2201 1087 2283 Ly·

4 2337 7 2342 ·
88 2325 156 2368 ceo
168 2315 256 2367 tuum
275 2305 336 2368 lroc
352 2305 569 2368 suburbanum
585 2307 787 2388 gymnasium
804 2314 1011 2388 anteponam.

134 2407 242 2475 XXII.
265 2407 349 2470 Tum
364 2407 425 2484 ille,
440 2407 545 2470 immo
561 2408 646 2482 vero,
660 2409 772 2491 inquit,
789 2407 921 2492 Sulpici,
936 2426 1085 2491 rogemus
1129 2491 1132 2498 Ι

86 2510 277 2586 Antonium,
293 2511 346 2592 qui
362 2521 394 2573 et
407 2521 512 2593 potest
528 2511 633 2583 facere
648 2512 689 2587 id,
705 2513 790 2595 quod
807 2512 948 2594 requiris,
963 2520 996 2575 et
1011 2531 1085 2574 con·

86 2613 200 2689 suevit,
226 2625 260 2676 ut
287 2625 319 2676 te
336 2614 431 2676 audio
452 2613 567 2678 dicere.
613 2615 699 2678 Nam
729 2637 779 2678 me
806 2615 946 2698 quidem,
972 2614 1085 2688 fateor,

85 2737 216 2800 semper
232 2737 251 2779 a
266 2738 384 2800 genere
402 2717 463 2780 hoc
480 2729 548 2780 toto
567 2719 719 2781 sermonis
735 2717 898 2799 refugisse,
913 2725 946 2778 et
961 2716 1016 2778 tibi
1032 2736 1085 2778 cu·

85 2819 300 2902 pienti-etque
323 2820 451 2883 instanti
467 2821 639 2902 saepissime
666 2819 810 2902 negdsse,
836 2829 869 2881 nt
896 2829 964 2880 tute
986 2817 1083 2900 peuld

86 2924 163 2987 ante
179 2922 293 2988 dixisti.
339 2922 438 2990 Quod
455 2945 517 3004 ego
534 2945 597 2984 non
614 2921 771 3003 superbid,
786 2941 891 3002 neque
907 2918 1083 2983 inhumani·

85 3035 153 3088 tete
180 3025 350 3102 faciebam,
376 3047 482 3108 neque
498 3025 561 3106 qud
578 3036 633 3087 tuo
649 3025 753 3086 studio
781 3022 957 3115 rectissimo
984 3033 1080 3105 etque

85 3126 208 3212 optimo
224 3151 287 3192 non
306 3129 437 3210 obsequi
454 3128 577 3202 vellem,
599 3127 771 3208 praesertim
785 3129 859 3190 cum
880 3135 912 3190 te
928 3147 1025 3189 unum
1041 3146 1080 3190 ex

83 3231 232 3294 omnibus
248 3232 287 3292 ed
315 3231 486 3292 dicendum
512 3229 648 3292 maxime
664 3242 786 3304 natum,
813 3240 989 3312 aptumque
1005 3249 1080 3312 cog·

83 3333 220 3406 crimem,
236 3333 303 3408 sed,
315 3331 505 3407 mehercule,
518 3331 606 3394 istius
616 3330 838 3412 disputationis
849 3330 1024 3407 insolentie,
1035 3342 1080 3394 at·

81 3457 145 3518 que
158 3453 271 3497 earum
288 3456 402 3510 rerum,
428 3425 500 3516 qum
516 3435 606 3517 quasi
623 3433 652 3495 in
670 3443 738 3496 arte
754 3433 930 3509 traduntur,
945 3432 1077 3496 inscitiai.

82 3539 168 3604 Tum
186 3537 294 3613 Cotta,
311 3537 474 3608 Quoniam
491 3537 534 3616 ld,
551 3537 636 3620 quod
653 3534 872 3600 difficillimum
884 3534 975 3598 nobis
991 3535 1077 3598 vide·
