2466 3966
162 139 219 196 146
379 149 422 194 uu
445 149 596 194 οιιιοιιι
619 151 715 194 meaa
739 148 916 197 decennus.

157 303 227 378 tius,
242 300 326 384 qudd
338 321 411 364 eum
427 299 585 365 brachium
597 300 744 386 fregisse
759 300 897 366 diceret:
918 310 952 365 ut
966 299 1039 366 illud
1057 299 1128 366 Afri·

156 407 238 484 cani,
254 407 339 488 quod
355 419 402 472 est
414 407 499 490 apud
515 404 689 496 Lucilium:
708 463 709 466 ,

168 605 172 612 -
241 576 323 636 Quid?
340 570 443 635 Decius,
454 553 582 636 Nuculam
593 590 624 624 an
634 575 760 626 confixum
773 577 808 626 vis
818 575 917 626 iacere?
932 553 1028 639 inquit.x

155 725 198 790 Ut
223 738 294 790 tuus
321 724 451 801 amicus,
478 723 601 800 Crasse,
628 723 774 802 Granius,
799 746 861 806 aaa
887 747 954 789 cese
969 719 1125 791 sectantis.
1222 743 1224 786 t

155 831 244 909 Et,
221 853 246 894 ιι
258 829 404 911 quaeritis,
419 829 443 892 is
459 849 512 910 qut
504 827 701 913 appellatur
712 829 815 906 dicax,
829 829 890 894 hoc
905 851 1022 914 genere
1038 830 1126 894 maxi·

155 939 203 999 me
216 933 362 998 excellet:
385 932 476 997 sed
453 955 530 996 nsus
542 945 667 998 movent
681 933 742 998 alia
753 935 894 1018 majores.
939 934 1126 1018 Ambiguum
1222 997 1224 1012 ,

153 1061 208 1123 per
223 1061 256 1102 se
272 1015 373 1122 ipsuin
385 1037 532 1122 probatur
546 1038 577 1102 id
594 1039 731 1119 quidem,
746 1048 780 1102 ut
796 1041 869 1102 ante
881 1037 954 1115 diri,
973 1038 1021 1102 vel
1036 1039 1138 1101 meni·
1223 1025 1224 1032 ἵ

151 1147 219 1208 me:
243 1142 396 1227 ingeniosi
421 1143 505 1208 enim
521 1143 652 1220 videtur,
677 1142 739 1206 vim
767 1142 905 1207 verbim
922 1143 1015 1221 aliud,
1036 1153 1126 1226 etque
1211 1228 1213 1232 Ι

150 1249 256 1312 ceteri
272 1246 441 1332 accipiant,
467 1249 559 1331 posse
575 1248 709 1316 ducere:
732 1247 787 1312 sed
811 1245 1050 1312 admirationem
1065 1269 1127 1311 ma·
1222 1267 1224 1298 ι

149 1354 198 1438 gis
224 1355 318 1435 quiam
334 1353 427 1417 risum
451 1362 566 1430 movet,
592 1351 650 1416 nisi
673 1353 697 1417 si
712 1354 840 1434 quando
854 1352 973 1416 'incidit
988 1353 1018 1415 in
1045 1351 1125 1416 aliud

149 1480 249 1544 genus
264 1457 395 1522 ridiculi.
506 1467 509 1475 “

191 1559 310 1627 LXIII.
336 1561 420 1630 Quae
445 1582 564 1645 genera
590 1581 770 1644 percurram
785 1561 949 1642 equidem:
972 1551 1127 1624 red'scitis
1219 1558 1224 1580 *

149 1688 217 1732 esse
233 1664 427 1728 notissimum
449 1663 569 1726 ridiculi
583 1685 693 1746 genus,
709 1667 780 1727 cium
797 1665 879 1726 aliud
898 1675 1127 1748 exspectamus,

150 1770 233 1836 aliud
249 1768 369 1832 dicitur.
414 1766 477 1830 Hic
490 1767 646 1830 nobismet
658 1766 731 1850 ipsis
743 1778 847 1831 noster
859 1789 943 1831 error
955 1769 1047 1831 risum
1063 1789 1128 1832 mo·
1222 1835 1224 1858 Α

148 1885 210 1938 vet.
255 1871 353 1941 Quod
366 1871 390 1934 si
401 1871 573 1933 admixtum
585 1871 737 1934 estetiam
750 1869 942 1955 ambiguum,
952 1872 985 1935 fit
1001 1873 1128 1936 salsius:
1223 1875 1224 1902 ³

147 1991 182 2044 ut
198 1979 282 2064 apud
298 1974 577 2054 Naeviumvidetur
592 1997 660 2039 esse
677 1975 850 2040 misericors
865 1977 926 2053 ille,
941 1979 992 2059 qui
1004 1977 1126 2062 judice·

147 2093 214 2148 tum
230 2083 301 2148 duci
311 2081 403 2158 videt,
416 2090 639 2164 percunctatus
651 2079 705 2156 ita,
721 2079 840 2152 Quanti
851 2080 1021 2145 addictae?
1041 2081 1127 2146 mille
1215 2139 1224 2168 Α

146 2188 304 2278 campsaim.
350 2186 384 2248 Si
401 2185 571 2249 addidisset
586 2185 816 2262 tantummodo,
841 2183 951 2250 Dacos
965 2186 1036 2248 ‘licet
1046 2210 1058 2268 ,·
1081 2209 1129 2250 es·
1223 2185 1224 2212 ³

145 2307 194 2360 set
209 2294 281 2357 illud
297 2313 397 2376 genus
412 2289 531 2354 ridiculi
547 2301 658 2372 praeter
670 2291 959 2374 exspectationem:
981 2293 1034 2356 sed
1051 2291 1128 2373 quia

148 2397 278 2473 addidit,
294 2394 386 2459 Ntttt
397 2393 490 2471 addo,
502 2393 598 2456 ducas
614 2393 703 2475 licet,·
727 2393 835 2458 addito
848 2397 1007 2480 ambiguo,
1027 2395 1129 2460 altero
1223 2399 1224 2408 ’

145 2522 262 2586 genere
278 2497 407 2573 ridiculi,
419 2497 485 2574 fuit,
496 2508 529 2559 ut
541 2497 616 2559 mini
629 2498 755 2579 quidem
766 2499 897 2574 videtur,
912 2499 1126 2563 salsissimum.

142 2605 220 2670 Hoc
234 2617 301 2669 turn
318 2613 365 2667 est
379 2600 640 2678 venustissimum,
661 2605 732 2665 edm
748 2601 778 2666 in
795 2603 998 2666 altercatione
1021 2604 1132 2688 arripi.
1223 2673 1224 2680 χ

143 2721 194 2776 ‘tur
205 2711 245 2775 eb
262 2705 438 2774 adversario
451 2705 589 2782 verbum,
602 2717 681 2769 etex
698 2728 748 2784 eo,
763 2718 796 2769 ut
812 2705 955 2769 aCatulo
965 2707 996 2768 in
1009 2707 1128 2791 Philip-

147 2837 233 2900 pum,
243 2815 273 2877 in
286 2832 357 2878 eum
366 2811 466 2896 ipsum
479 2809 604 2894 aliquid,
616 2811 667 2892 qui
683 2809 847 2885 laeesSIvit,
857 2809 1013 2892 infligitur.
1058 2811 1129 2876 Sed

149 2921 221 2984 edm
237 2919 324 3002 plura
339 2917 401 2981 sint
425 2913 565 3000 ambigui
590 2937 718 3000 genera,
740 2913 903 2995 dequibus
919 2923 966 2976 est
980 2914 1130 2980 doctrina
1186 2913 1198 2964 j

148 3024 294 3107 quaedam
309 3020 464 3096 subtilior,
489 3021 650 3084 attendere
671 3031 702 3083 et
718 3016 866 3100 aucupari
880 3018 975 3081 verba
1001 3033 1130 3102 oporte·

147 3131 211 3194 bit:
235 3131 264 3191 in
278 3147 350 3208 quo,
370 3135 403 3188 ut
418 3147 467 3202 en,
482 3146 552 3207 quae
568 3111 628 3188 sint
643 3122 808 3207 frigidiora,
823 3121 965 3200 vitemus,
991 3118 1130 3206 (etenim
1221 3171 1224 3200 ,

148 3234 325 3300 cavendum
340 3241 397 3305 est,
412 3251 451 3321 ne
468 3227 653 3300 arcessitum
662 3227 781 3336 dictpm
796 3231 944 3312 putetur,)
968 3229 1130 3311 permulta
1223 3215 1224 3218 Ἴ

148 3349 255 3404 tamen
272 3337 362 3400 acute
378 3311 526 3398 dicemus
570 3331 711 3394 Alterum
726 3351 824 3414 genus
839 3342 896 3408 est,
916 3333 999 3416 qpod
1026 3327 1129 3400 habet
1193 3335 1196 3342 ⁴
1223 3337 1224 3412 j

148 3461 278 3528 parvam
303 3436 389 3502 verbi
414 3418 672 3528 immutationem,
698 3435 814 3516 quod
806 3457 837 3499 ιιι
862 3433 949 3499 litera
975 3435 1129 3518 positum,
1222 3455 1224 3484 ³

151 3545 255 3612 Graeci
279 3551 395 3606 vocant
420 3545 618 3623 capitanatae,
644 3549 678 3602 ut
703 3537 906 3615 Nobiliorem,
925 3539 1130 3614 ,mobiliorem

151 3651 252 3716 Cato:
275 3655 338 3721 aut,
352 3654 386 3709 ut
400 3641 494 3717 idem,
508 3637 581 3704 clun
595 3641 721 3738 cuidam
735 3643 871 3720 dirisset,
885 3641 1005 3707 Eamus
1019 3643 1130 3720 deam-
