2458 3972
351 149 562 196 nomon
575 148 675 194 orsos
690 149 841 196 curros.
1023 134 1084 194 m

102 297 200 364 orius
222 265 395 383 voluptut·
411 297 555 374 suum,
569 297 651 374 icoc,
677 309 829 374 tonorum,
854 295 1020 365 biisrstum
1042 316 1083 361 so

102 419 287 470 remissuro:
380 444 385 456 -
1174 435 1175 438 ι

168 571 216 620 Sed
227 571 286 620 mibi
297 569 352 620 edm
363 570 450 620 detulit
461 585 571 620 coronam
583 571 613 620 ob
627 569 799 634 [colicosndss]
809 572 913 639 nuptio,

168 649 224 708 Tibi
237 653 338 712 serebat,
349 651 402 702 edm
415 649 542 702 simulabat
552 667 605 702 sose
613 654 683 702 alteri
693 654 764 702 dsre:

169 733 234 784 'sum
243 736 273 784 sd
281 741 306 785 to
316 735 450 786 ludibunde
456 733 525 784 docto
536 741 562 786 et
571 734 675 789 dolioste
685 733 780 786 detulit.

381 818 426 848 .i't

107 920 203 986 Aliud
220 921 385 988 molestia:
407 922 473 986 sine
489 919 762 1032 commiseratione
771 944 867 1008 grove
882 922 1042 1007 quiddam,
1056 932 1088 986 et

106 1046 171 1090 uno
186 1047 304 1111 pressu,
319 1047 359 1092 oo
370 1047 448 1092 sono
463 1027 701 1090 obductumsi.

170 1215 226 1272 Qut
238 1220 381 1278 tempestate
393 1215 460 1264 Paris
470 1214 611 1264 Heicnsm'
604 1215 711 1277 innuptis
722 1215 806 1278 junxit
820 1217 919 1277 nuptiis,

171 1293 223 1361 Ego
233 1303 284 1346 turn
294 1297 401 1362 gravida,
412 1298 516 1360 expletis
521 1297 572 1360 jorn
584 1295 634 1345 sere
644 1299 671 1345 nd
679 1298 820 1360 pariendum
832 1300 969 1346 mensibus:

149 1415 151 1420 ·
170 1379 219 1429 Per
230 1381 294 1428 idern
303 1387 400 1442 tompus
412 1379 558 1442 Polydorum
570 1379 676 1428 Hecuba
684 1385 753 1443 partu
762 1385 882 1442 postremo
892 1381 961 1442 parit.

149 1547 234 1614 LIX.
258 1546 378 1612 Omnes
393 1559 499 1612 sutem
511 1547 567 1612 bos
584 1560 685 1612 motus
701 1548 845 1630 subsequi
858 1548 954 1612 debet
969 1559 1085 1631 gestus,

108 1671 172 1717 non
189 1652 238 1716 bic
253 1651 349 1716 ierbs
369 1637 816 1776 exprimensfflssd
828 1651 1004 1716 universnm
1019 1670 1086 1716 rem

107 1769 140 1822 et
151 1756 350 1832 sententiaro,
359 1776 421 1820 non
434 1721 714 1833 deiironstrotronc
723 1756 779 1823 sed
792 1754 1022 1840 significatione
1034 1756 1087 1820 de·

107 1861 242 1936 clerone,
252 1861 382 1924 istorum
392 1859 559 1924 inflexione
572 1862 631 1924 boo
642 1860 711 1924 forti
724 1881 762 1924 no
773 1859 858 1936 virili,
869 1881 930 1924 non
942 1861 982 1924 ab
992 1859 1087 1924 seond

108 1975 141 2029 st
153 1963 361 2039 histrionibus,
375 1964 428 2026 sed
444 1964 598 2076 obnupis,
609 1976 662 2026 out
678 1965 772 2036 etism
790 1963 974 2072 upoiaestru.
1018 1964 1087 2026 Ms-

108 2091 167 2132 nus
183 2079 289 2132 autern
313 2068 413 2132 minus
413 2031 571 2152 ΫιιίςιιὶῌΗ
520 2078 565 2150 ιι,
574 2055 677 2160 digitis
692 2037 885 2148 subsequens
901 2066 1006 2142 verbo,
1021 2085 1085 2130 non

11 2205 12 2208 ¹
107 2172 303 2256 exprimens:
328 2171 489 2236 brachium
503 2153 679 2256 procerius
687 2170 871 2254 projectum,
886 2189 974 2250 qussi
966 2168 1086 2253 quod·

107 2279 183 2342 darn
199 2275 294 2340 telum
312 2275 475 2340 orationis.
497 2275 656 2358 supplosio
672 2272 793 2358 pedis
786 2294 815 2336 rn
832 2273 1086 2338 contentionibus

108 2391 164 2444 sut
176 2378 358 2464 incipiendis
370 2391 425 2444 out
437 2379 589 2448 finiendis.
627 2379 690 2442 Sed
704 2378 734 2440 in
748 2399 803 2442 ore
814 2394 886 2442 sunt
897 2377 1013 2442 omnio.
1049 2376 1086 2442 ln

107 2506 149 2549 eo
158 2495 268 2548 cutem
284 2483 353 2567 ipso
366 2483 545 2548 dominatus
567 2493 614 2548 est
626 2483 727 2546 omnis
738 2483 922 2562 oculorum3
942 2481 1005 2568 qud
1022 2501 1085 2546 me·

53 2669 59 2682 ,
106 2589 164 2654 liris
177 2588 272 2652 nostri
287 2587 327 2652 illi
342 2607 443 2663 sones,
453 2588 505 2669 qui
520 2599 719 2671 personatum
736 2609 776 2652 ne
792 2588 942 2652 Roscium
959 2587 1085 2669 quidem

108 2693 301 2777 magnoperb
327 2690 511 2756 isudsbsnt.
554 2691 659 2756 Animi
683 2703 730 2755 cst
755 2691 838 2754 onim
855 2691 957 2754 omnis
981 2691 1085 2766 notior

107 2809 140 2862 et
156 2797 262 2882 irnogo
276 2795 373 2860 suuni
388 2795 489 2860 vuitus
515 2807 572 2870 est,
595 2795 713 2880 indices
729 2794 830 2858 oculi:
853 2815 927 2858 nom
951 2793 1021 2858 haec
1035 2803 1084 2858 est

107 2921 171 2964 mro
188 2921 259 2985 pers
273 2899 519 2984 corporis,.quae‚
534 2913 609 2981 quot
625 2898 720 2962 snirni
736 2910 839 2961 motus
853 2909 935 2974 sunt,
951 2908 999 2961 tot
1022 2895 1083 2982 sig-
1132 2979 1134 2989 Ι
1216 2907 1217 2916 ’

107 3005 304 3072 nificotioncs
318 3015 351 3068 et
364 3000 628 3068 commutationes
643 3001 740 3084 possit
754 3001 879 3066 efficere
891 3019 898 3064 ι
921 3021 1023 3085 neque
1032 3021 1084 3066 ro·

107 3109 144 3176 ιό
158 3121 204 3173 est
219 3108 393 3192 quisquam,
407 3104 472 3190 qui,
486 3105 599 3170 eodem
620 3115 783 3181 contuens,
808 3105 934 3170 efficiat.
977 3105 1083 3172 Thoo-

108 3214 253 3302 phrosrus
278 3209 415 3294 quidem,
434 3210 627 3275 Tauriscum
652 3210 820 3292 quendem,
840 3209 925 3286 dixit,
940 3221 1081 3274 actorem

82 3338 251 3386 .orersurn
274 3315 398 3380 solitum
422 3333 490 3380 esre
512 3315 627 3390 dicere,
642 3315 694 3397 qui
719 3314 749 3377 in
776 3316 912 3398 egendo,
927 3325 1082 3381 contuens

108 3421 235 3505 aliquid,
249 3419 471 3505 pronuntiaret.
515 3418 626 3489 Quorc
641 3417 800 3482 oculorum
827 3429 874 3488 cst
886 3437 1002 3503 mogon
1018 3439 1083 3484 roo·

105 3526 248 3596 doratio:
270 3543 343 3589 osor
359 3522 420 3588 oris
435 3538 498 3588 non
513 3535 562 3590 ost
576 3522 704 3586 nirniiror
720 3522 873 3590 motando
886 3522 1017 3608 specics,
1038 3541 1084 3598 no

575 3633 611 3690 st
