2466 3966
139 183 181 238 92
373 190 415 237 ne
433 191 584 238 ostreas
602 191 700 238 trena
717 188 899 238 secernat.

139 349 264 414 santur,
287 337 396 414 addat,
410 339 437 400 si
448 337 517 419 quis
529 339 624 416 velet,
633 339 732 404 etiam
743 339 964 404 laudationes:
990 336 1137 429 alterum,
1213 329 1214 332 '

89 452 113 528 Ἰ
141 441 227 540 qugd
244 440 409 526 appellant
425 459 536 503 omnes
552 441 615 504 fere
626 442 807 525 scriptores,
822 440 961 524 explicat
973 459 1081 514 neruo,
1092 439 1138 500 in·

77 611 83 622 ,
105 529 118 556 i
140 519 500 642 litiitdiri'gcperisqsine
516 553 660 625 tempore
687 521 801 606 «alsine
826 541 963 625 persone
989 540 1138 621 queastio·

73 610 100 678 '²³
118 617 234 708 '‘rie'lrif
265 623 434 725 ,Hdpqffid
452 627 488 708 ‘ei'
497 627 653 727 ¹qt‘iantum
669 645 718 721 sit,
733 649 809 708 crim
823 645 944 718 dicunt,
959 642 1137 724 intelligere

141 747 217 810 mihi
234 768 297 809 non
324 747 477 812 videntur.
532 747 568 810 Si
583 748 668 809 enim
690 757 739 812 est
762 745 908 828 oratoris,
934 762 1136 824 quaecunque

49 870 52 880 ¹
140 871 189 913 res
205 847 324 911 infinite
341 849 445 930 posita
457 849 506 924 sit,
521 850 562 911 de
578 849 617 912 ea
631 870 724 932 posse
740 848 866 922 dicere3
887 845 1060 917 dicendum
1077 843 1136 907 erit

141 951 181 1026 ei,
207 961 328 1030 quanta
353 951 391 1012 sit
417 950 490 1013 solis
516 951 714 1032 magnitudo,
741 970 812 1030 quae
835 950 938 1012 forme
961 938 1071 1011 terrae:
1094 949 1136 1010 de

142 1050 438 1125 mathematiciS,de
454 1052 580 1116 musicis
597 1053 700 1128 reburr,
715 1071 779 1114 non
797 1041 923 1134 poterit,
945 1050 1021 1131 quin
1037 1039 1138 1124 dicat,

141 1153 204 1216 hoc
216 1174 313 1216 onere
325 1164 484 1236 suscepto,
497 1175 653 1216 recusare.
699 1153 846 1234 Denique
859 1153 898 1229 ei,
907 1152 959 1233 qui
971 1151 1138 1234 profitetur

141 1256 524 1332 essesuum,nonroli1m
541 1256 582 1318 de
609 1255 643 1317 iis
663 1255 885 1318 controversiis
901 1275 972 1334 quae
986 1255 1139 1336 temperi·
1165 1322 1175 1330 ‚—

141 1357 201 1420 bus
212 1368 244 1422 et
257 1358 398 1439 personis
416 1359 540 1422 notatae
555 1362 639 1431 sum,
655 1356 717 1418 hoc
733 1367 793 1432 est,
807 1357 848 1418 da
865 1355 1011 1417 omnibus
1034 1355 1139 1417 soren-

140 1459 237 1534 sibus,
248 1460 302 1522 sed
320 1459 417 1522 etiam
428 1460 469 1521 de
479 1479 631 1540 generum
644 1451 770 1520 infinitis
782 1443 1009 1537 quaestionibus
1019 1455 1139 1530 dicere,

140 1561 259 1624 nullum
276 1571 466 1642 potestesse
482 1561 583 1642 gentis
599 1558 762 1634 erationis,
789 1560 874 1638 quod
899 1558 939 1620 sit
954 1567 1153 1640 exceptum.-

184 1661 271 1723 XVI.
296 1661 362 1724 Sed
378 1659 404 1722 si
415 1660 500 1722 illam
517 1679 646 1741 quoque
662 1672 789 1742 partem
804 1657 1016 1739 questionum
1033 1670 1139 1722 orato·

141 1760 1139 1844 rivolumusadjungerevagem,et'libernm3etlatepatentem,

58 1871 65 1881 “
141 1875 175 1928 ut
191 1864 231 1927 de
247 1850 340 1927 rebus
356 1863 447 1926 bonis
473 1875 528 1925 eut
554 1864 655 1940 malis,
681 1864 868 1944 expetendis
896 1875 949 1924 aut
969 1859 1138 1944 fugiendis

141 1966 282 2030 honestis
291 1979 352 2028 aut
362 1965 513 2047 turpibus,
526 1965 652 2028 utilibus
665 1976 720 2027 aut
731 1964 902 2038 inutilibus
912 1965 952 2026 de
964 1965 1087 2040 virtute,
1096 1966 1138 2028 de

138 2069 267 2154 justitie,
277 2070 317 2132 de
328 2067 534 2142 continentie,
547 2069 587 2130 de
598 2065 776 2150 prudentii,
787 2067 828 2129 de
842 2067 1061 2146 magnitudine
1074 2068 1139 2129 ani·

142 2172 196 2248 mi,
205 2171 246 2235 de
261 2169 462 2246 liberalitate,
474 2171 514 2232 de
528 2170 658 2252 pietate,
670 2168 710 2230 de
722 2167 870 2242 amicitie,
880 2168 920 2230 de
933 2169 1007 2242 lide,
1018 2169 1059 2232 de
1070 2148 1149 2232 offis
1212 2151 1214 2166 ⁴

141 2273 203 2349 cie,
219 2275 260 2336 de
276 2273 399 2336 caeteris
413 2271 587 2345 virtutibus,
606 2270 835 2351 contrariisque
854 2271 944 2344 vitiis,
963 2271 1136 2334 dicendum

77 2422 93 2428 --
142 2375 259 2438 oratori
271 2385 433 2457 putemus3
455 2372 596 2453 itemque
605 2371 646 2434 de
658 2370 829 2452 republica,
841 2372 882 2434 de
892 2372 1035 2454 imperio,
1051 2373 1092 2436 de
1105 2394 1139 2436 re

142 2475 278 2550 militari,
290 2475 330 2537 de
342 2473 507 2554 discipline
523 2473 668 2547 civitatis,
679 2473 720 2534 de
733 2473 896 2536 huminum
909 2474 1068 2548 moribus3
1091 2496 1138 2537 as-

129 2597 304 2649 sumamus
317 2597 388 2638 earn
402 2595 530 2656 quoque
543 2585 677 2656 partem,
687 2575 743 2638 sed
755 2575 855 2652 ita,ut
868 2577 906 2638 sit
919 2577 1139 2661 circumscrip-

142 2691 177 2744 ta
193 2679 325 2743 modieis
341 2676 530 2760 regionibus·
577 2676 734 2757 Equidem
751 2679 870 2754 omnia,
890 2699 963 2760 quae
978 2678 1139 2761 pertinent

142 2784 184 2847 ad
210 2803 300 2846 usum
329 2781 455 2855 civium,
481 2799 602 2842 morem
630 2778 805 2856 hominurn,
829 2792 1080 2862 quaeversantur
1106 2784 1137 2847 in

142 2884 373 2951 consuetudine
399 2883 481 2958 vitae,
507 2881 538 2943 in
554 2881 677 2946 ratione
692 2881 886 2966 reipublice,
902 2884 933 2945 in
950 2884 1012 2948 lmc
1039 2886 1138 2950 secie-

140 2985 316 3060 tetecivili,
339 2985 482 3048 insensu
509 2983 672 3046 hominum
699 2985 874 3060 communi,
898 2985 1079 3062 innatum,
1106 2988 1137 3051 in

142 3086 291 3161 moribus,
303 3086 608 3168 comprehendenda
623 3107 692 3149 esse
718 3086 835 3148 oratori
851 3097 948 3168 puto:
972 3087 998 3149 si
1024 3089 1138 3164 minus,

141 3199 177 3253 ut
190 3187 363 3272 separatim
380 3189 420 3250 de
447 3187 493 3250 lris
508 3187 602 3251 rebus
618 3187 877 3271 philosophorum
899 3209 1138 3284 -mcrpvrespon·

141 3293 236 3368 dent,
257 3301 292 3354 at
315 3291 412 3364 certe,
438 3300 473 3353 ut
498 3290 530 3352 in
546 3289 644 3354 causi
669 3289 841 3374 prudenter
858 3293 957 3374 possit
980 3286 1137 3370 intexere:
1182 3281 1185 3289 ¹
1213 3305 1214 3360 ξ

140 3393 228 3458 hisce
254 3403 363 3456 nutem
387 3391 460 3474 ipsis
475 3391 517 3456 de
542 3392 636 3458 rebus
661 3403 697 3455 ut
723 3393 769 3457 ita
794 3393 954 3476 loquatur,
980 3405 1015 3458 ut
1030 3394 1061 3473 ii,
1083 3396 1139 3477 qui

136 3497 219 3582 jura,
234 3495 286 3576 qui
301 3494 400 3578 leges,
425 3495 479 3575 qui
493 3493 637 3557 civitates
663 3496 906 3573 constituerunt,
929 3496 1028 3560 locuti
1053 3510 1138 3575 sunt,

140 3597 324 3686 simpliciter
339 3607 372 3663 et
383 3595 559 3681 splendide,
573 3595 640 3660 sine
655 3595 718 3664 utre
731 3598 813 3667 serie
825 3598 1090 3683 disputationum,
1104 3612 1138 3665 et

66 525 72 542 1
