2400 3980
306 110 350 188 nu
369 147 520 188 onerose
538 148 636 190 urssrr
657 149 788 192 seruus·
849 169 861 196 ι
1004 131 1061 222 13,

186 233 244 270 ri
242 222 312 274 ‘secl
331 242 425 300 sotir
378 239 425 268 ιι
549 259 553 270 ,
575 255 609 279 ,
941 232 946 242 ’
1021 223 1071 265 :³

67 287 178 367 Crasse,
192 293 247 373 qui
262 305 318 356 tuo
335 293 442 376 magis
462 294 544 356 stud
522 250 579 369 d
602 295 695 374 quern
708 265 835 376 proprio
846 266 977 355 munere
994 291 1047 354 eii·

65 412 118 471 quo
129 393 351 458 disertorum
324 417 419 478 ,Jose
433 396 523 458 nobis
535 395 625 458 civile
635 393 781 468 didicisti,
793 393 878 476 quod
889 393 1047 458 interdurn

64 493 203 573 pudeat,
191 497 272 581 Juris
287 498 400 580 ignore
415 509 473 566 est

98 597 196 666 Quod
211 601 289 662 vero
306 600 335 662 in
352 599 493 664 extreme
472 600 673 716 ,affigitis
699 598 789 681 quasi
813 607 869 661 tuo
880 599 949 683 jure
964 619 1047 662 surn-

62 697 128 774 sisti,
143 713 305 765 oratorem
319 703 350 764 in
366 673 468 766 oririns
483 683 636 778 sermonis
642 700 877 784 disputatione
900 701 1048 782 copiosis·

62 801 129 866 sime
141 826 238 886 posse
248 805 374 881 versari,
390 806 431 881 i'd,
446 805 504 869 nisi
497 803 594 868 'hic
587 826 618 868 ιιι
628 815 687 868 tno
699 824 800 888 regno
791 823 992 922 essernup
960 823 1047 878 ,non

47 905 206 981 tulissem,
222 906 392 989 inuitisque
418 927 535 989 praeess
556 929 599 982 ιιι,
614 907 668 996 qui
685 919 740 969 aut
755 879 923 1016 inierdicto
939 887 1047 968 tecum

62 1009 299 1083 contenderent,
314 1010 369 1072 eut
382 1021 413 1071 te
429 1031 467 1071 ex
476 929 691 1106 ιιιιέιιιιιιιι
686 988 873 1096 consertuin
885 1017 1048 1082 vocarent,

62 1110 161 1190 quod
154 1134 186 1174 ιιι
200 1112 323 1174 alienas
332 1111 546 1225 possessiones
556 1123 622 1174 tarn
636 1124 757 1176 temere
770 1112 917 1174 inruisses.
964 1111 1048 1196 Age·

63 1225 123 1276 rent
139 1215 224 1278 enim
237 1225 344 1276 tecum
371 1213 442 1296 iege
455 1214 589 1302 primitur
616 1213 841 1326 Pythagorei
824 1235 937 1277 ornnes
951 1224 1062 1295 etque·
1088 1229 1094 1300 j

64 1314 274 1391 Democritici‚
290 1316 476 1397 caeterique,
499 1317 529 1377 in
546 1338 604 1379 suo
615 1337 752 1404 genere,
770 1298 890 1399 physici
911 1299 1049 1379 uindice·
1059 1383 1065 1390 ,
1087 1317 1098 1327 “

64 1429 135 1494 rent,
148 1419 259 1490 ornati
266 1417 430 1490 homines
422 1439 453 1480 rn
467 1417 605 1480 dicendo
618 1429 649 1479 et
660 1439 786 1498 graves,
794 1418 982 1498 quibuscum
992 1417 1049 1478 tibi

24 1511 36 1524 '¹
62 1497 136 1600 Jris'td
164 1501 372 1584 secierriento
386 1504 601 1582 contendere
617 1539 680 1580 non
711 1517 845 1589 liceret.
865 1509 1071 1630 Urgerent¹

66 1635 210 1702 praeteree
236 1611 497 1705 philosophorum
524 1643 650 1705 greges,
673 1622 740 1706 J'eru
757 1621 817 1686 'ab
811 1599 921 1684 rito
903 1605 1007 1686 fonte
1016 1633 1049 1686 et

65 1727 162 1806 capite
188 1718 337 1798 Socrate,
363 1724 439 1786 nihil
464 1735 494 1786 te
511 1723 551 1786 de
567 1724 658 1786 bouis
674 1724 790 1786 rebus
784 1745 813 1786 ιιι
829 1723 902 1799 vite,
917 1724 992 1786 nihil
1008 1725 1049 1788 de

65 1828 158 1903 melis,
172 1823 247 1891 nihii
264 1828 304 1889 de
328 1797 424 1888 eirimi
440 1827 699 1908 permotionibus,
726 1827 799 1889 nihil
815 1827 856 1890 de
883 1825 1048 1892 hominum

66 1931 209 2004 moribus,
236 1928 310 1992 nihii
336 1929 377 1990 de
404 1929 528 1990 ratione
553 1929 625 1990 vitae
649 1928 805 2004 didicisse,
828 1927 1050 1992 nihilomnino

64 2032 218 2113 quaesisse,
233 2031 307 2093 nihii
319 2032 398 2093 scire
414 2031 658 2094 convincerent:
682 2041 714 2092 et
730 2033 802 2098 curn
819 2031 953 2093 universi
969 2031 999 2092 in
1015 2040 1048 2094 te

64 2135 207 2218 impeturn
224 2134 383 2208 fecissent,
399 2143 465 2194 turn
482 2133 614 2214 singulas
629 2119 857 2196 remittentem
874 2128 930 2194 tibi
945 2119 1045 2195 iuten'-
1062 2151 1066 2164 ·

63 2237 178 2326 derent.
224 2223 361 2298 instaret
387 2235 576 2308 Academia,
592 2253 674 2313 quae,
689 2231 841 2323 quidquid
856 2229 997 2307 dixisses,
1012 2233 1044 2294 id

64 2341 191 2422 teipsum
203 2359 322 2421 negare
338 2348 479 2419 cogeret.
525 2334 626 2396 Stoici
649 2337 723 2397 vere
739 2333 838 2396 nostri
863 2333 1050 2421 disputatio·

65 2465 132 2505 nuru
148 2461 287 2515 suerum,
304 2450 400 2520 utque
417 2437 697 2520 interrogationum
711 2437 832 2520 lnqueis
847 2448 879 2500 te
895 2423 1047 2501 ιιιιιιιιιιιιι

64 2555 211 2632 tenerent.
257 2533 459 2622 Peripatetici
476 2551 582 2602 eutem
599 2541 694 2601 etiem
712 2540 781 2604 haec
798 2527 877 2623 ipsa,
892 2559 964 2622 quae
979 2559 1049 2622 pro·
1137 2609 1141 2614 ,

65 2651 126 2731 pris
140 2658 302 2712 oratorum
320 2656 448 2725 putores
474 2663 542 2704 esse
559 2641 754 2726 adjumenta,
770 2653 866 2724 atque
882 2661 1049 2705 ornamen-

65 2763 94 2813 ιιι
107 2748 245 2820 dicendi,
256 2747 297 2808 ab
313 2765 346 2806 se
363 2745 427 2826 peti
443 2744 605 2806 vincerent
621 2755 767 2825 oportere
780 2761 787 2806 :
799 2747 850 2806 'ac
865 2763 929 2804 non
946 2743 1048 2804 solium

65 2853 200 2924 meliore,
213 2847 268 2910 sed
285 2845 494 2910 eriammutro
511 2845 601 2926 plura
628 2844 831 2920 Aristotelem
847 2841 1050 2924 Theophras·

65 2966 189 3036 tumque
205 2951 246 3012 de
269 2949 315 3011 his
341 2947 445 3020 rebus,
468 2949 562 3027 quern
590 2964 701 3009 omnes
720 2945 847 3009 dicendi
871 2944 1050 3031 magistros,

64 3046 216 3138 scripsisse
228 3041 442 3114 ostenderent.
466 3049 581 3110 Missos
592 3048 675 3109 facio
686 3045 1050 3132 mathematicosgrern·

66 3159 204 3229 nteticos,
222 3153 369 3226 musicos,
379 3169 513 3231 quorum
527 3149 646 3211 ortibus
661 3159 765 3210 vestre
777 3148 838 3211 iste
862 3146 990 3215 dicendi
1004 3144 1050 3206 vis

65 3281 103 3323 ne
121 3255 252 3322 minimd
267 3254 396 3336 quidem
412 3249 567 3313 societet'e
580 3249 783 3331 contingitur.
807 3245 1051 3316 *Quamobrem

64 3363 118 3425 iste
133 3369 227 3423 tento
250 3367 381 3436 temque
409 3351 507 3414 multe
532 3351 721 3440 profitenda,
748 3349 873 3422 Crasse,
896 3367 960 3411 non
979 3365 1053 3408 cen·

64 3485 124 3528 seo.
169 3440 259 3522 Setis
284 3457 315 3519 id
342 3465 390 3518 est
406 3473 571 3534 magnum,
586 3451 671 3536 quod
689 3443 779 3531 potes
794 3459 956 3529 prestere,
970 3443 1052 3508 'utin
1092 3449 1096 3459 “

61 3563 181 3652 judiciis
196 3579 237 3624 ee
252 3579 362 3633 censa,
373 3571 600 3640 quameunque
612 3567 645 3616 tu
661 3549 750 3624 dicis,
768 3546 925 3616 melioret
941 3545 1054 3634 probe·
1100 3619 1105 3628 J

547 3664 566 3717 2
