2400 3980
322 179 368 226 nr
392 179 541 225 aaaron
564 177 662 223 arara
684 179 814 226 rnrnos.
1017 163 1063 224 43

23 341 28 444 j
80 327 190 394 Cnseo
205 327 458 414 disputationem
475 327 704 406 desiderabam,
726 339 920 414 quantopere
941 328 1006 414 ejus
1027 326 1059 394 in

20 489 23 496 ,
76 433 177 499 causis
189 432 505 499 orationedeleotor:
527 433 843 528 nunoyero,0rasse,
856 433 1063 516 meaquoqua

19 514 26 582 Ι
75 540 171 605 etiam
183 539 285 604 eausa
294 559 385 623 rogo,
396 549 429 602 ut
438 537 587 620 quoniam
595 548 718 603 tanturn
727 537 880 603 habemus
889 535 954 613 otii,
965 557 1061 618 quan·

75 655 143 708 trnn
154 643 282 730 jamdiu
294 641 387 708 nobis
401 663 465 707 non
481 641 645 728 contingit,
659 663 699 708 ne
713 641 851 730 graveris
865 639 1064 707 exedinooro
1090 649 1094 658 '

76 746 109 812 id
129 769 223 832 opus,
246 747 333 828 quod
353 744 539 812 instituisti'
562 745 709 812 Formam
730 746 814 813 anim
834 744 928 811 totius
943 743 1062 828 negotii

14 835 20 947 i
75 851 229 936 opinione
244 850 398 935 majorem
414 849 635 934 melioremque
650 851 756 930 rideo,
777 871 872 935 quarn
896 849 1062 916 vehomen-

12 973 17 1066 )
78 965 125 1020 ter
140 955 256 1038 probo.

115 1058 274 1124 XXXVI.
298 1057 476 1136 Enimvero,
497 1059 596 1142 inquit
617 1059 757 1139 Crassus,
778 1059 882 1126 mirari
903 1061 1060 1126 ratispon

11 1107 17 1213 i
78 1183 172 1244 queo,
187 1161 287 1228 etiarn
298 1173 330 1226 te
343 1163 421 1240 haee,
437 1163 592 1242 Scaevola,
606 1163 793 1242 desiderare,
805 1184 987 1247 quernaque
999 1185 1061 1250 ego

11 1295 15 1374 Ι
78 1279 185 1343 teneo,
201 1266 250 1330 uti
264 1265 286 1328 ii
300 1266 353 1349 qui
367 1253 503 1346 docent,
525 1286 626 1350 neque
641 1277 712 1332 sunt
737 1267 802 1352 ejtrs
816 1267 949 1353 generis,
970 1278 1013 1345 ut,
1035 1267 1062 1332 si

10 1399 16 1510 ὅ
79 1370 199 1454 optime
211 1382 364 1447 tenerent,
385 1370 482 1457 digna
497 1383 601 1436 essent
616 1370 674 1434 istri
688 1370 841 1453 sapientia
856 1392 894 1434 ao
909 1370 968 1433 tuis
984 1371 1062 1435 auri·

10 1513 12 1518 ·
69 1473 145 1582 pus.
193 1474 256 1539 Ain
280 1475 337 1539 tui
361 1473 460 1558 inquit
481 1473 541 1538 ilie.
586 1472 621 1538 Si
642 1474 682 1538 de
704 1472 769 1537 istis
789 1473 1008 1537 communibus
1029 1483 1063 1539 et

11 1553 14 1670 i
42 1564 58 1598 '²
73 1555 262 1668 pssiiagatis
277 1577 326 1642 vir
342 1578 413 1644 hoio
428 1577 515 1642 retati
530 1577 720 1665 audiendum
734 1586 836 1663 putas,
858 1576 995 1642 etiamne
1009 1574 1063 1644 iila

11 1701 16 1798 p
79 1681 244 1768 negligere
267 1700 442 1768 possumus,
464 1703 534 1764 qua
555 1694 589 1747 tu
610 1681 725 1748 oratori
747 1683 970 1768 cognoscenda
993 1703 1061 1752 esse

78 1785 195 1865 dixisti,
207 1787 248 1852 d'e
259 1786 378 1852 naturis
389 1787 559 1865 hominum,
572 1788 612 1852 de
624 1786 770 1866 moribus,
782 1789 822 1852 de
834 1783 1004 1853 rationibus
1015 1788 1062 1867 iis,

12 1877 16 1957 Ι
78 1890 194 1972 quibus
205 1890 367 1955 hominurn
379 1902 499 1956 mentes
511 1903 543 1956 et
554 1891 756 1956 incitarentur
767 1902 799 1956 et
813 1894 1062 1977 reprimerentur,

11 1995 17 2105 j
79 1993 121 2058 de
133 1993 272 2072 historiis,
283 1996 323 2060 do
334 1995 529 2080 antiquitate,
541 1995 581 2060 de
591 1995 858 2060 administratione
871 1995 1062 2080 reipublicae,

79 2096 219 2181 denique
234 2099 275 2164 de
290 2109 398 2163 nostro
417 2097 485 2183 ipso
503 2099 570 2184 jure
585 2097 688 2162 civitit
711 2097 806 2188 Hanc
821 2098 904 2162 enirn
919 2119 981 2178 ego
996 2114 1062 2161 orn·

79 2207 158 2267 n'ern
178 2203 354 2280 seientiam,
376 2213 409 2268 et
427 2201 673 2286 copiarnrerum,
694 2201 724 2263 in
735 2199 793 2263 ‘tui
808 2199 971 2284 prudentii
985 2199 1062 2264 soie·

79 2305 158 2370 bam
179 2306 302 2372 inesse:
325 2307 357 2371 in
379 2305 510 2382 oratoris
532 2305 605 2368 verti
627 2303 832 2368 instrumento
855 2319 921 2367 tarn
942 2301 1071 2366 lautam*

80 2401 310 2498 supelleetiiern
325 2389 485 2494 nunquam
499 2410 647 2474 videram.

125 2517 221 2582 Potes
239 2516 341 2600 igitur,
353 2515 452 2599 inquit
463 2515 604 2593 Crassus,
624 2515 672 2597 (ut
684 2513 745 2579 alia
756 2514 900 2578 omittam
921 2514 1063 2578 innume·

11 2627 13 2662 ÷
80 2619 193 2686 rabilia
205 2628 237 2684 et
251 2619 416 2695 immensa,
431 2619 514 2692 etad
531 2619 632 2703 ipsum
645 2629 732 2682 tuurn
745 2619 794 2702 jus
807 2619 895 2683 civile
910 2618 1062 2702 veniam,)

12 2719 13 2722 '
80 2737 223 2790 oratores
238 2735 349 2808 putare
361 2719 426 2799 eos,
440 2742 518 2804 quos
534 2722 648 2787 multos
663 2723 755 2787 horas
770 2722 973 2805 exspectavit,
988 2725 1062 2786 curn

11 2845 12 2858 ¹
82 2831 113 2894 in
130 2820 279 2912 eampum
296 2836 478 2911 properaret
490 2838 522 2890 et
533 2826 635 2890 ridens
647 2837 678 2889 et
690 2823 892 2889 stomachans
907 2822 1063 2902 Sooevoia,

86 2935 158 3000 ciun
175 2931 331 3016 Hypsaeus
344 2928 479 2994 maximis
493 2949 582 3005 vooe,
597 2927 733 3013 plurimis
748 2927 860 3022 verbis,
876 2949 895 2991 a
910 2923 955 2993 M.
972 2927 1088 2994 Grae,
1122 2981 1140 3020 Ι.

10 3097 12 3120 2,
84 3059 119 3105 so
133 3047 269 3122 praetore
284 3034 500 3109 contenderet,
528 3043 562 3096 ut
583 3032 730 3114 ei,.quem
746 3013 948 3110 defendebat,
967 3016 1063 3099 causi

10 3151 19 3177 ·'
85 3139 332 3214 eoderelioeret3
347 3135 523 3202 Cn.autern
533 3134 1063 3213 Octaviushornoconsularis,non

11 3303 12 3318 ,
86 3241 292 3326 minaslonge
309 3242 450 3306 oratione
461 3249 629 3316 recusaret,
645 3259 684 3303 ne
700 3237 894 3305 adversarius
904 3240 999 3304 eausa
1011 3261 1063 3306 ea·

11 3323 12 3384 3
87 3350 187 3424 deret,
202 3367 241 3410 aa
256 3366 296 3408 ne
311 3345 345 3422 is,
360 3365 489 3428 proquo
504 3344 570 3428 ipse
582 3344 711 3420 diceret,
725 3342 807 3426 turpi
818 3343 924 3408 tutelae
934 3344 1063 3429 judicio,

10 3441 16 3483 ⁵'
88 3463 182 3536 atque
192 3447 278 3515 omni
291 3447 442 3524 molestia,
451 3447 579 3512 stultitia
591 3445 975 3521 adversariiiiberareturi
992 3449 1063 3535 Ego

88 3550 611 3634 veroisros,tnquir,(memtntenim
622 3549 1067 3636 mihinarrareMuoium)non'
1149 3551 1151 3556 ’
1188 3613 1189 3626 ,

11 3661 14 3752 ’,
91 3659 184 3728 modo
200 3655 331 3722 oratoris
345 3654 482 3731 nornine,
496 3655 552 3719 aad
572 3673 612 3718 ne
626 3655 694 3718 foro
708 3651 836 3736 quidem
851 3653 962 3735 dignos
977 3651 1063 3736 port·
1128 3701 1133 3714 ,
