2466 3966
149 125 207 182 136
250 183 253 198 ,
338 139 575 186 puonsronrr
600 127 895 190 nrannsacurinus.
950 112 952 122 ’

145 285 271 364 debeat,
296 288 390 370 quarn
412 289 545 374 cogitari
570 292 708 374 potuisse
734 294 895 359 videaturl
918 293 1006 365 Quid
1032 297 1114 360 enirn

143 390 195 456 lric
210 411 296 456 meus
312 391 406 458 frater
427 393 468 458 ab
484 404 550 459 arte
565 395 703 480 adjuvari
718 399 836 482 potuit,
851 402 922 464 cunr
939 420 957 463 a
973 398 1115 484 Philippo
1204 472 1212 482 ,

142 481 361 581 interrogatus,¹
383 499 456 580 quid
471 498 615 576 latraret,
629 500 744 569 Furem
758 525 791 565 se
805 502 919 581 videre,
933 502 1116 588 respondit?

144 599 230 670 Quid
246 601 276 665 in
292 603 377 666 omni
403 603 544 684 oratione
567 604 707 682 Crassus,
732 606 780 670 vel
807 608 891 692 apud
905 608 1115 673 centumviros

142 716 253 770 contra
269 706 455 783 Scaevolam,
470 707 518 772 vel
533 719 645 772 contra
657 721 873 776 accusatorem
885 711 1027 789 Brutum,
1042 715 1114 777 oum

143 829 201 894 pro
216 809 274 874 Cn.
292 809 410 874 Planco
425 810 565 875 diceret?
588 811 673 876 Nam
688 813 730 891 id,
751 815 836 897 quod
852 826 886 881 tu
900 816 974 880 mihi
999 816 1117 891 tribuis,
1223 789 1224 834 l

139 914 267 992 Antoni,
294 914 407 978 Crasso
433 926 491 992 est,
516 917 835 996 omniumsententiit,
860 921 1112 985 eoncedendum.
1210 991 1212 1002 Ι

141 1018 215 1084 Non
232 1019 316 1084 onim
341 1019 405 1084 fere
430 1021 594 1102 quisquam
620 1023 800 1108 reperietur,
825 1035 938 1108 praeter
961 1023 1056 1100 hunc,
1081 1025 1113 1088 in

140 1134 271 1206 utroque
285 1145 401 1224 genere
416 1124 530 1209 leporis
543 1127 710 1204 excellens,
734 1139 766 1192 et
780 1127 842 1204 illo,
857 1129 941 1212 quod
957 1127 987 1192 in
1004 1149 1115 1214 perpe·

140 1230 251 1306 tuitate
266 1229 426 1306 sermonis,
451 1241 483 1295 et
498 1227 569 1308 hoc,
592 1232 675 1315 quod
690 1233 722 1296 in
738 1232 896 1297 celeritate
918 1243 1013 1316 atque
1028 1233 1115 1298 dioto
1223 1257 1224 1262 ¹

140 1345 196 1400 est.
240 1333 272 1398 N
274 1355 325 1398 am
341 1334 410 1398 haec
425 1347 577 1419 perpetua
591 1347 704 1401 contra
716 1337 893 1403 Scaevolam
908 1337 1045 1403 Curiana
1060 1338 1113 1404 de·

139 1438 249 1518 lensio,
263 1449 331 1505 tota
346 1439 530 1505 redundavit
544 1439 699 1507 hilaritate
714 1440 850 1525 quadarn
870 1452 902 1507 et
913 1443 1007 1528 joco,
1027 1443 1113 1508 dicta

137 1544 190 1608 illa
205 1544 311 1608 brevia
326 1565 389 1608 non
405 1543 522 1610 habuit.
568 1545 723 1610 Paroebat
738 1547 822 1610 enim
835 1547 1002 1612 adversarii
1013 1548 1112 1633 digni·
1211 1549 1222 1561 ”

138 1649 214 1724 tati3
235 1649 344 1732 inquo
369 1649 436 1732 ipse
451 1648 595 1713 servabat
619 1670 729 1727 suam,
750 1651 835 1732 quod
860 1663 908 1716 est
933 1652 1111 1717 hominibus
1223 1661 1224 1684 ³

138 1752 248 1816 facetis
263 1763 295 1817 et
308 1751 469 1816 dicacibus
494 1751 719 1830 difficillimum,
744 1753 861 1818 habere
887 1753 1046 1820 bominum
1065 1776 1112 1821 ra-

138 1857 256 1921 tionem
271 1865 303 1920 et
317 1847 503 1941 temporum,
525 1866 558 1920 et
571 1877 621 1933 ea,
635 1877 706 1939 quae
721 1869 898 1946 occurrant,
924 1852 995 1923 cbm
1011 1859 1110 1924 salsis·
1213 1857 1224 1912 Ἃ

137 1961 213 2026 sime
228 1960 290 2025 dici
316 1959 445 2046 possint,
469 1971 586 2026 tenere.
621 1961 743 2045 vItaque
757 1961 897 2026 nonnulli
921 1957 1041 2028 ridiculi
1055 1963 1122 2030 ho·v

138 2066 237 2132 mines
262 2066 324 2131 hoc
348 2065 450 2151 ipsum
474 2086 538 2130 non
563 2064 675 2130 insulse
700 2067 951 2150 interpretantur.
995 2065 1110 2133 Dicere
1203 2147 1206 2156 Ι

137 2172 221 2238 enirn
236 2172 322 2237 aiunt
338 2171 492 2248 Ennium3
512 2175 664 2250 flammant
678 2191 700 2236 a
713 2171 853 2256 sapiente
858 2171 1062 2259 facilirisore
1075 2171 1109 2236 ire

137 2275 265 2341 ardente
280 2277 422 2362 opprimi,
447 2277 535 2362 pedm
550 2275 630 2340 bona
652 2276 736 2341 dicta
750 2289 874 2341 teneat:
897 2277 966 2341 lraeo
991 2277 1111 2342 scilicet
1169 2281 1172 2288 ’
1223 2339 1224 2342 ,

137 2383 222 2446 bona
236 2382 331 2458 diota,
357 2401 428 2465 quae
442 2381 525 2444 salsa
545 2379 626 2444 sint·
648 2402 723 2446 nam
749 2381 887 2446 eadicta
911 2381 1112 2504 appellentur
1223 2405 1224 2418 ¹

136 2485 262 2568 proprio
272 2485 338 2568 jam
354 2483 490 2548 nomine.

177 2587 243 2653 LV.
267 2589 343 2663 Sed,
358 2597 391 2650 ut
406 2587 435 2651 in
452 2551 843 2652 Scaevolamcontinuitea
858 2589 998 2667 Crassus,
1012 2599 1112 2674 atque·
1155 2605 1157 2610 ’
1223 2611 1224 2670 5

27 2737 31 2747 ·
133 2694 185 2759 illo
200 2693 299 2758 altero
310 2713 437 2778 genere,
447 2691 478 2754 in
488 2713 551 2772 quo
562 2690 638 2754 nulli
650 2691 750 2756 aculei
765 2693 1049 2757 contumeliarum
1042 2713 1106 2756 rne-

132 2809 213 2876 rant,
228 2819 357 2863 causam
367 2795 450 2860 illam
466 2795 772 2894 disputationemque
782 2795 874 2872 lusit3
896 2796 981 2860 sicin
994 2795 1106 2871 Bruto,

45 2895 48 2904 ’
134 2925 227 2987 quem
253 2903 373 2978 oderat,
398 2910 430 2964 et
455 2921 549 2984 quem
571 2900 700 2985 dignum
716 2899 906 2965 contumelia
928 2898 1104 2985 judicabat,

133 3019 264 3089 utroque
276 3027 391 3090 genere
403 3004 562 3090 pugnavit.
606 3003 713 3075 Quam
727 3003 824 3068 multa
833 3005 873 3068 de
885 3003 1015 3080 balneis,
1027 3023 1109 3085 quas

130 3131 229 3196 nuper
240 3109 290 3176 ille
305 3109 498 3186 vendiderat,
513 3111 607 3193 quam
622 3107 721 3172 multa
735 3109 774 3172 de
785 3107 900 3172 amisso
913 3106 1107 3192 patrimonio
1203 3171 1205 3182 ,

130 3217 223 3280 dixit!
250 3225 345 3298 atque
360 3213 411 3278 illa
426 3215 542 3290 brevia,
568 3217 641 3278 clim
664 3212 712 3276 ille
728 3212 857 3289 diceret,
871 3234 905 3276 se
930 3212 997 3276 sine
1011 3213 1108 3277 cante

127 3319 261 3385 sudare:
283 3317 412 3383 Minime
426 3319 545 3395 mirum,
560 3317 669 3399 inquit,
682 3314 772 3404 modi
787 3316 867 3380 enim
881 3316 976 3382 existi
989 3317 1028 3380 de
1040 3314 1107 3380 bats

128 3425 205 3490 nais.
249 3421 492 3488 Innumerabilia
514 3420 876 3507 hujuscemodifuemnt,
891 3422 946 3486 sed
969 3441 1032 3484 non
1048 3420 1103 3483 ini
1209 3445 1224 3473 a

40 3539 43 3545 '
127 3531 186 3598 titis
200 3527 342 3616 juounda
355 3525 408 3590 illa
422 3536 583 3611 perpetua.
628 3525 805 3590 Cbmenim
820 3524 934 3590 Brutus
953 3521 1104 3588 duosleo·

126 3647 208 3702 tores
224 3630 398 3708 excitasset,
423 3640 456 3697 et
471 3629 559 3696 alteri
576 3628 617 3696 de
641 3627 764 3698 colonie
778 3629 811 3694 N
813 3625 1101 3699 arbonensi'Craas't
