2400 3980
315 141 361 186 os
381 135 533 186 orarunt
554 141 651 186 atses
668 145 799 190 sarnus.
913 123 917 130 “
1014 129 1055 186 38

83 281 113 344 tic
126 285 338 350 accusationis
353 286 552 352 exanimatus
567 307 647 364 sum,
663 298 696 351 ut
713 289 774 352 hoc
789 307 945 353 summum
962 289 1056 356 bene·
1107 321 1109 328 >

79 383 165 450 licium
183 387 228 459 Q.
246 389 397 483 Mspimc
412 389 585 466 debuerim,
610 391 695 472 quod
723 381 874 454 continuo
890 393 1056 458 consilium

77 485 222 568 dimiserit,
237 492 333 558 simul
360 513 399 557 ac
415 513 466 558 me
481 493 618 558 fructum
632 513 672 558 uc
688 491 887 558 debilitatum
913 508 1000 561 metu
1014 495 1057 559 vi·

74 589 88 650 d
121 591 149 657 ,ι
1133 593 1135 598 .

107 693 167 760 Hic
188 719 309 764 omnes
335 699 465 776 essemi,
480 700 659 784 significare
685 702 766 766 inter
780 720 862 777 sese,
876 710 908 764 et
920 701 1056 782 colloqui

26 841 27 850 η
72 813 250 879 ceperunt:
275 801 332 866 suit
356 803 440 866 enim
461 803 609 867 mirificus
624 805 753 884 quidam
769 804 800 866 in
814 804 930 868 Crasso
946 802 1058 886 pudor,

24 855 30 964 Ι
72 899 114 978 qui
130 911 240 970 temen
254 905 426 970 anamodo
442 915 505 969 non
519 906 644 970 obesset
657 907 723 992 ejus
734 907 879 984 orationi,
889 905 945 972 sed
961 905 1058 970 etism

24 975 27 1080 l
71 1002 231 1079 probitatis
247 1009 529 1072 commendatione
547 1009 719 1091 prodesset.

24 1123 25 1198 p
79 1151 82 1158 ,
105 1103 247 1172 XXVII.
267 1109 352 1172 Tum
362 1109 644 1194 intemperiem,
654 1121 688 1175 ut
698 1111 787 1187 dicis,
797 1111 907 1193 inquit,
917 1113 1058 1176 animad-

23 1261 24 1268 ,
70 1207 149 1284 terti,
176 1210 308 1288 Crasse,
327 1223 360 1276 et
376 1223 418 1288 te,
438 1224 470 1277 et
482 1223 615 1278 caeteros
636 1217 938 1291 summcsoratores,
961 1235 1059 1295 quan·

23 1301 24 1372 l
70 1327 158 1386 quam
175 1314 238 1378 tibi
252 1335 321 1398 par,
336 1315 406 1380 med
420 1315 588 1391 sententie,
611 1337 707 1380 nemo
720 1336 862 1396 uuquam
877 1317 943 1392 fuit,
969 1319 1000 1381 in
1015 1317 1059 1380 di·

71 1414 156 1477 ceudi
173 1415 307 1481 exordio
332 1419 517 1501 permoveri.
562 1417 660 1502 Cujus
675 1419 804 1499 quidem
820 1419 864 1480 rai
890 1423 963 1481 cum
987 1437 1060 1480 ceu·

23 1567 24 1574 ,
71 1533 132 1580 sem
142 1539 333 1599 quaererem,
348 1519 500 1601 quidnam
515 1529 609 1598 esset,
625 1539 691 1597 cur,
707 1530 740 1584 ut
753 1519 783 1582 in
796 1529 1059 1612 quoquqoratore

22 1594 24 1659 i
72 1615 237 1696 plurimum
252 1634 346 1700 esset,
368 1624 412 1688 ita
438 1623 573 1689 maxime
589 1624 614 1688 is
640 1622 888 1707 pertimesceret,
915 1623 972 1688 has
988 1643 1061 1688 cau·

22 1715 23 1800 l
72 1739 117 1784 urs
142 1713 348 1790 inveniebam
363 1727 465 1790 dues:
488 1747 596 1803 unam,
611 1727 696 1809 quod
712 1726 924 1812 intelligerent
939 1727 970 1804 ii,
982 1749 1061 1809 quos

22 1847 23 1856 ¹
73 1839 138 1892 tuus
155 1851 196 1894 ac
212 1839 328 1892 nature
349 1829 519 1906 docuisset,
534 1851 763 1912 nonnunquam
777 1830 906 1894 summis
933 1831 1062 1895 oratori·

22 1889 24 1954 Ἰ
74 1923 201 2033 blpnpn
212 1931 290 1996 retis
300 1951 338 2025 etr
351 1932 507 1997 sententiis
517 1944 666 1998 eventum
676 1933 804 1998 dicendi
816 1934 1004 2016 procedere:
1018 1933 1062 1996 ite

21 2001 27 2102 d
74 2008 534 2119 noii'i'njtir‘ids‘quc'itiesounque
550 2035 704 2111 dicerent,
728 2034 759 2098 id
778 2037 863 2115 quod
891 2035 1062 2114 aliquando

22 2145 25 2198 t
75 2149 178 2214 posset
194 2137 353 2214 accidere,
376 2159 417 2204 tre
431 2149 499 2202 tum
526 2138 697 2212 accideret,
724 2137 844 2202 timere.
890 2138 999 2200 Altera
1015 2145 1063 2200 est

22 2289 35 2358 ι
75 2235 208 2407 hemgsse
266 2240 385 2331 “queri
414 2240 608 2334 mpessqleor
631 2250 820 2302 caeterarum
833 2238 976 2300 homines
992 2239 1063 2300 atti·
1124 2229 1135 2250 '

40 2351 43 2362 '
60 2329 125 2438 ‘tud
139 2363 177 2427 sp
197 2261 472 2426 Qmfirodaii',
487 2325 652 2423 liquando
669 2339 786 2426 aliquid
803 2339 905 2404 mimis
928 2338 1037 2404 benet
1053 2375 1063 2390 ·

76 2456 194 2524 cerunt,
206 2449 303 2527 quam
318 2446 430 2522 solent,
440 2459 493 2510 aut
507 2443 653 2521 noluisse,
669 2455 723 2508 aut
736 2443 917 2508 valetudine
933 2442 1064 2528 impedi·

75 2546 96 2608 ti
121 2569 187 2614 non
213 2547 353 2632 potuisse
380 2547 542 2630 consequi,
567 2548 599 2613 id
626 2549 711 2664 quoji
739 2549 865 2664 sciren),
893 2559 1063 2631 putentur:

76 2651 184 2729 noluit,
198 2650 353 2733 inquiunt,
366 2651 459 2715 hodie
476 2673 571 2735 egere
588 2631 729 2716 Rosciis*
738 2677 746 2727 3
769 2637 834 2726 atil,
848 2643 972 2714 ‘crudior
986 2637 1092 2714 tutti*

76 2754 207 2819 cratoris
223 2765 403 2838 peccatum,
425 2753 451 2818 ri
470 2757 554 2835 quod
571 2767 619 2820 est
639 2756 904 2826 animadversum,
926 2751 1064 2815 stultitite

78 2869 246 2938 peccatum
269 2858 401 2922 videtur.
447 2857 586 2922 Stultitia
613 2869 720 2921 eutem
746 2853 985 2962 enxqqsu‘tiorpem
1000 2873 1065 2918 nort

78 2961 194 3026 hebet:
218 2959 292 3043 quia
308 2979 402 3024 nemo
428 2960 559 3034 videtur,
586 2968 641 3022 aut
666 2957 740 3039 quio
755 2931 995 3032 ciirdus‘dud'rit,
1011 2965 1067 3020 eut

78 3064 160 3144 quiid
177 3063 223 3128 ita
238 3062 394 3139 maluerit,
409 3061 520 3152 stultus
535 3061 638 3126 luisse.
683 3061 759 3130 Quo
775 3060 873 3124 etiam
888 3060 1013 3144 gravius
1021 3060 1067 3143 ju·

79 3165 196 3230 dicium
221 3165 253 3230 in
279 3165 417 3230 dicendo
443 3163 591 3228 subimus.
647 3162 785 3233 Quoties
812 3163 897 3228 enim
922 3160 1067 3236 dicimus,

81 3269 172 3334 toties
187 3268 229 3333 de
245 3267 335 3332 nobis
347 3268 522 3353 judicetur:
546 3277 588 3341 et,
611 3263 663 3347 qui
677 3265 775 3329 semel
799 3266 829 3330 in
846 3276 939 3349 gestu
954 3284 1068 3350 pecue-

82 3373 132 3450 vit,
158 3393 222 3436 non
250 3371 401 3436 continuo
432 3369 627 3434 existimetur
653 3367 774 3432 nescire
804 3379 949 3452 gestumr
980 3365 1068 3450 cujus

83 3489 188 3541 autem
199 3473 232 3538 itt
247 3473 385 3536 dicendo
401 3471 516 3553 eliquid
532 3471 756 3552 reprehensum
768 3486 826 3546 est,
836 3481 890 3534 aut
906 3481 1024 3534 oeterna
1037 3468 1069 3530 in
1112 3555 1116 3562 ι

84 3599 131 3662 eo,
147 3587 202 3644 sut
217 3577 303 3641 certe
319 3573 466 3639 diuturna
482 3572 565 3640 velet
580 3572 688 3660 opinio
704 3571 870 3664 tarditatis.

33 317 40 494 l

30 503 37 585 l

26 606 34 822 l
