2400 3980
334 43 378 84 nr
402 41 553 86 uranon
576 43 673 86 urana
696 45 826 89 sarnus.
1032 29 1074 88 68

80 212 141 256 uus
151 192 325 256 videretur
340 161 410 254 esse
421 189 572 274 judicum.
616 189 814 266 Quinetiam,
828 210 923 273 quum
938 191 968 256 ei
982 191 1077 276 remp·

77 293 1078 382 tamorationerndisertissimusoratorLyeinsattulisset,quaur‚

75 401 102 464 si
116 401 148 464 ei
164 401 348 475 videretur,
362 399 526 474 edisceret,
542 396 622 465 uteh
633 419 690 482 pro
704 417 739 464 se
754 397 784 461 in
796 398 915 483 judicio
927 412 1075 480 uteretur,

77 527 145 569 nou
163 505 287 569 invitus
297 503 386 587 legit,
405 515 469 566 eto
528 503 619 571 mode
634 503 784 586 scriptam
808 523 877 566 esse
892 503 986 568 dixit:
1008 505 1075 583 aed,

77 609 260 693 inquiunt,
272 608 299 672 si
325 607 399 671 rnihi
419 523 556 672 suilli&
566 606 730 692 Sicyonios
745 606 911 684 attulisses,
923 627 985 670 nou
1009 623 1075 676 uta·

80 735 142 789 rer,
158 712 313 798 quemvis
332 723 438 776 essent
453 710 571 774 habiles
583 721 616 774 et
631 712 696 794 apti
717 713 757 776 ad
770 713 897 796 petlem,
919 712 1073 797 quianon

82 827 195 882 essem
213 815 340 892 uiriles3
360 816 406 879 sio
421 815 505 879 illam
530 815 704 880 orationem
719 815 868 882 disertam
888 816 993 882 sibiet
1008 839 1075 882 ore·

82 922 205 986 toriam
234 919 342 996 videri,
367 918 479 984 sortem
506 932 538 982 et
554 918 670 984 virilem
686 941 750 984 uon
771 921 875 988 videri.
921 921 1008 1008 Ergo
1022 921 1074 988 ille

82 1047 221 1110 quoque
236 1026 408 1104 damnatus
433 1033 498 1086 est:
521 1044 625 1106 neque
649 1023 751 1088 solium
773 1026 878 1110 primis
902 1028 1074 1106 sententiis,

83 1131 205 1214 quibus
223 1132 347 1194 tautum
363 1125 545 1192 statuebaht
554 1127 688 1212 judiees,
702 1129 900 1206 damnarent,
916 1151 956 1196 aa
973 1113 1075 1198 absol·

85 1246 214 1310 vereat,
238 1232 408 1296 sedetiam
425 1231 491 1310 illis,
504 1253 584 1318 quas
611 1233 723 1296 iterum
747 1233 869 1316 legibus
884 1233 963 1300 serre
978 1235 1075 1300 debe·

86 1339 180 1404 bant.
227 1337 307 1400 Erat
318 1335 402 1400 enim
413 1335 554 1412 Athenis,
569 1355 623 1399 reo
638 1335 802 1412 damnato,
816 1336 841 1400 si
856 1335 940 1404 fraus
954 1338 1072 1421 capita·

87 1445 126 1508 lis
141 1463 210 1508 non
221 1453 318 1518 esset,
343 1440 431 1524 quasi
447 1461 550 1524 poenre
565 1439 749 1503 aestimatio:
772 1449 804 1504 et
817 1442 975 1504 sententia
999 1443 1073 1506 otlm

85 1547 251 1634 judicibus
265 1547 403 1621 daretur,
417 1544 669 1630 interrogabatur
683 1563 764 1622 reus,
779 1565 876 1630 quam
890 1546 978 1638 quasi
994 1545 1073 1614 msti-

89 1651 271 1716 matiou'em
286 1648 517 1714 xcommeruisse
541 1669 576 1713 se
597 1648 732 1716 maxime
746 1651 965 1720 eonfiteretur:
987 1653 1072 1736 quod

90 1759 168 1820 utrm
183 1753 394 1838 iuterrogatus
410 1753 660 1832 Soaratesesset,
683 1755 853 1838 respondit,
867 1777 936 1820 sese
947 1755 1073 1822 meruis-

91 1881 137 1938 se,
152 1869 189 1924 ut
204 1856 402 1941 amplissimis
413 1857 582 1922 honoribus
591 1868 622 1922 et
635 1857 769 1942 praemiis
780 1858 1034 1936 decoraretur,et
1043 1858 1073 1924 ei

92 1963 194 2028 vietus
206 1959 405 2044 quotidianus
420 1961 450 2024 in
464 1960 621 2045 Prytaneo
636 1959 760 2044 publice
789 1959 999 2043 praeberetur,
1020 1961 1073 2042 qui

21 2091 22 2094 ¹
94 2065 196 2130 honos
222 2065 306 2148 apud
322 2064 451 2150 (irpeas
468 2065 621 2128 maximus
643 2063 785 2128 hahetur.
829 2063 924 2146 Cujus
947 2081 1073 2146 respon·

93 2191 131 2232 so
155 2170 202 2232 sio
213 2167 336 2252 judicer
351 2136 601 2244 ilhllilhliff‘ur
616 2166 728 2249 cepitis
752 2165 910 2230 homiuem
926 2167 1075 2232 innoeen-

96 2272 250 2338 tissimum
258 2272 525 2338 condemnarent:
549 2270 601 2355 qui
617 2271 744 2354 quidem
758 2272 784 2336 si
799 2267 958 2336 absolutus
973 2283 1075 2347 esset3

96 2377 195 2460 quod,
221 2376 410 2453 mehercule,
424 2375 548 2440 etiamsi
563 2375 636 2440 nihil
661 2377 702 2442 ad
717 2399 775 2453 nos
797 2374 942 2461 pertinet,
968 2387 1073 2442 tamen
1127 2385 1134 2402 ‘

98 2491 226 2564 propter
238 2480 302 2564 ejus
321 2478 438 2564 ingenii
452 2480 701 2564 magnitudinem
711 2483 837 2548 vellem:
860 2503 1000 2566 quonam
1010 2503 1075 2550 mo·

97 2585 140 2646 do
150 2583 224 2646 istos
240 2583 441 2666 philosophos
466 2583 545 2650 ferre
569 2607 739 2670 possemus,
754 2587 806 2668 qui
821 2609 915 2663 nunc,
937 2589 1010 2650 cum
1025 2585 1074 2649 ille

98 2689 265 2752 damnatus
280 2700 337 2764 est,
353 2688 469 2752 nullam
486 2688 580 2752 uliam
596 2691 636 2752 ob
652 2691 790 2772 culpam,
815 2688 873 2752 nisi
889 2701 1016 2770 propter
1031 2689 1076 2752 di·-

15 2865 17 2882 ἦ
100 2790 192 2855 cendi
207 2790 413 2874 insolentiam,
430 2804 534 2856 tamen
552 2815 570 2856 u
585 2815 618 2856 se
635 2803 780 2876 oportere
795 2792 904 2855 dicunt
921 2790 984 2879 poti
1000 2812 1078 2890 1315&
1131 2863 1145 2875 Γ

102 2896 353 2978 ceptadiuendil
397 2895 596 2967 Quibuscum
612 2917 673 2978 ego
696 2917 759 2959 non
777 2877 1016 2979 pugnantiirhi‘
1029 2883 1098 2986 5eit*
1139 2884 1144 2892 λ’

15 3081 16 3085 ¹
103 2999 218 3076 melius,
230 3000 407 3086 autharius:
430 3002 554 3064 tautum
568 2998 651 3075 dieo,
662 3010 694 3063 et
703 2993 791 3064 ‘aliud
804 3000 877 3066 illud
887 3024 956 3067 esse
983 3013 1076 3084 atque

105 3105 172 3179 hoe,
187 3117 218 3168 et
234 3105 370 3168 hocsina
386 3105 437 3168 illo
449 3088 605 3168 summum
620 3124 688 3168 esee
701 3126 803 3187 posse.

143 3207 207 3272 LV.
221 3209 319 3284 Nam,
328 3209 410 3291 quod
420 3209 470 3293 jus
480 3207 580 3283 oivile,
589 3207 713 3284 Crasse,
725 3221 790 3272 tam
802 3211 1004 3276 vehementer
1013 3229 1076 3274 am·

108 3313 206 3398 parus
220 3335 274 3388 es,
296 3313 397 3389 video,
412 3313 485 3395 quid
502 3311 620 3394 egeris:
647 3322 713 3374 turn
728 3331 824 3394 quum
839 3313 979 3388 dicebas,
994 3313 1077 3376 vide·

109 3420 185 3483 ham.
230 3417 368 3482 Primum
384 3417 537 3480 scaevola
553 3428 584 3479 te
597 3415 720 3490 dedisti,
735 3435 830 3496 quem
847 3422 958 3482 omues
971 3433 1077 3480 amare

111 3520 298 3592 meritissimo
314 3542 369 3604 pro
395 3521 461 3606 ejus
487 3517 600 3584 eximia
624 3516 777 3584 suavitate
801 3521 968 3586 debemus:
990 3517 1078 3601 cujus
