2466 3966
116 114 177 172 180
231 109 233 116 ⁴
351 129 395 172 nn
418 126 571 171 onrronu
595 123 869 200 precurramus.

114 275 221 340 Crassi
235 274 294 340 fuit
305 273 610 341 ambitionislsbore
624 270 695 336 vita,
704 271 858 346 districta,
872 269 994 334 temdiu
1008 268 1113 354 priva·
1217 249 1218 300 5

113 378 154 444 tis
168 378 273 462 magis
288 376 403 442 officiis
423 387 457 442 et
482 375 601 460 ingenii
617 373 719 438 laude
742 373 859 448 floruit,
881 374 978 454 quern
1006 371 1114 448 fructu
1132 411 1146 436 i
1217 375 1218 408 r

113 475 343 564 amplitudinis,
369 490 426 543 aut
452 476 635 562 reipublieoe
649 475 817 560 dignitate.
861 475 930 544 Qui
956 485 1066 541 autem
1080 473 1114 538 ei

116 603 218 648 annus
233 583 352 666 primus
365 582 405 644 ab
419 581 574 646 honorum
587 578 808 662 perfunctione
824 577 957 654 editum,
967 577 1114 650 omniurn
1151 597 1161 612 ⁸

116 705 285 760 concessu,
306 685 346 747 ad
370 703 529 746 summum
546 680 771 745 auctoritatem
796 679 907 756 debet,
921 678 1030 762 iscjus
1045 699 1114 744 om·
1217 731 1218 734 ,

116 807 191 852 uem
215 807 306 869 spem
333 795 429 866 atque
445 783 554 848 omnia
568 783 642 845 vitee
668 780 802 846 consilis
826 790 930 844 morte
950 778 1113 864 pervertit.
1217 779 1218 830 l

117 889 268 978 Fuitlroc
290 886 570 960 luctuosumsuis,
585 884 737 948 acerbum
762 882 884 967 pctriae,
907 903 1005 966 grove
1020 881 1115 946 bonis

116 989 281 1055 omnibus:
303 989 361 1052 sed
371 987 392 1048 ii
402 997 510 1053 temen
521 986 752 1070 rempublicam
766 1006 860 1050 cesus
869 985 970 1050 secuti
979 990 1063 1060 sunt,
1077 995 1114 1047 ut
1126 991 1128 996 '

78 1137 82 1147 -
108 1092 193 1156 mihi
208 1111 273 1155 non
289 1103 401 1173 erepta
425 1090 463 1154 L.
480 1086 596 1154 Crasso
611 1109 632 1152 e
647 1089 705 1152 diis
720 1087 949 1152 immortalibus
964 1087 1040 1162 vita,
1054 1087 1113 1150 sed

115 1196 238 1260 donate
253 1210 348 1268 mors,
360 1213 433 1272 ¹esse
447 1192 600 1271 videatur.
626 1249 628 1256 ,
645 1191 721 1255 Non
731 1191 808 1254 vidit
819 1190 1010 1280 flagrantem
1026 1189 1113 1254 bello

116 1296 329 1370 Italiem‚non
342 1297 508 1364 ardentem
520 1294 637 1364 invidie
647 1305 879 1371 senatumnon
889 1292 1114 1358 scelerisnefe-
1217 1347 1218 1386 ,

115 1399 150 1462 rii
161 1398 321 1482 principes
336 1398 471 1462 civitatis
487 1418 568 1474 reos,
580 1417 645 1460 non
661 1396 782 1462 luctum
793 1395 876 1473 filiae,
891 1415 955 1458 non
968 1394 1113 1460 exsilium

116 1501 238 1586 generi,
264 1522 329 1563 non
354 1499 594 1564 acerbissimam
619 1500 656 1562 C.
681 1483 775 1563 Marii
798 1498 919 1582 sugam,
945 1518 1009 1560 non
1025 1497 1114 1562 illam
1217 1537 1218 1544 κ

116 1615 190 1686 post
205 1598 340 1666 reditum
357 1602 423 1684 ejus
449 1603 572 1664 caedem
589 1601 733 1666 omnium
756 1599 1022 1679 crudelissimam,
1046 1621 1113 1664 non
1217 1587 1218 1590 Ἴ

116 1703 255 1784 denique
270 1703 302 1764 in
317 1703 406 1764 omni
420 1723 538 1785 genere
554 1702 768 1780 deformatam
794 1723 867 1765 eum
884 1702 1056 1777 civitatem,
1080 1702 1113 1774 in

117 1805 178 1886 qud
189 1805 257 1888 ipse
268 1803 632 1898 florentissimdmultdm
643 1805 789 1868 omnibus
798 1803 1119 1888 gloridpraestitisset.'
1198 1806 1205 1825 ⁹

160 1905 220 1970 Ill.
245 1905 322 1980 Sed,
338 1905 491 1986 quoniam
504 1906 596 1990 attigi
611 1905 809 1990 cogitatione
835 1907 899 1968 vim
912 1907 1115 1970 varietatem·
1217 1905 1218 1950 l

118 2030 180 2091 que
207 2008 352 2083 sortuum,
368 2028 432 2071 non
449 2009 617 2092 vogabitur
643 2009 745 2074 orutio
762 2030 836 2073 meu
849 2009 994 2090 longius,
1016 2019 1115 2089 etque

118 2113 163 2176 eis
179 2111 243 2176 sere
260 2111 333 2194 ipsis
349 2111 517 2175 delinietur
529 2110 610 2188 viris,
626 2112 678 2194 qui
695 2112 757 2176 hoc
772 2133 930 2188 sermone,
956 2133 1052 2192 quem
1069 2132 1115 2174 re·
1141 2129 1146 2144 ·
1217 2131 1218 2150 *

118 2215 198 2296 ferre
211 2215 376 2297 coepimuS,
387 2215 595 2278 continentur.
641 2213 724 2284 Quis
734 2215 819 2278 enirn
830 2236 894 2278 non
903 2216 972 2300 jure
983 2215 1115 2278 beatam

119 2317 157 2380 L.
174 2316 281 2380 Crassi
297 2327 433 2380 mortem
457 2317 554 2392 illam,
570 2337 641 2396 quae
664 2328 711 2379 est
725 2338 744 2380 a
767 2317 872 2380 multis
888 2320 972 2399 saepd
984 2316 1116 2392 deflete,

118 2417 242 2491 dixerit,
258 2419 332 2479 cunr
349 2416 461 2480 horum
474 2418 614 2499 ipsorum
630 2417 679 2493 sit,
689 2419 741 2498 qui
757 2430 824 2482 tum
838 2418 979 2504 cumillo
995 2430 1116 2499 postte·
1217 2443 1218 2500 ss

119 2520 206 2580 mum
222 2515 289 2593 fere.
302 2516 453 2580 collocuii
464 2528 547 2593 sunt,
559 2530 708 2581 eventum
719 2521 926 2588 recordatus?
950 2519 1115 2584 Tenemus
1217 2559 1218 2586 r

119 2620 204 2684 euim
221 2618 385 2694 memorial,
401 2621 446 2688 Q.
463 2619 623 2690 Catulum.
639 2621 737 2682 virum
751 2623 838 2684 omni
855 2621 948 2686 laude
964 2632 1116 2704 praestan·
1217 2619 1218 2702 ξ

42 2802 46 2816 .
119 2734 197 2799 tem,
208 2728 283 2786 eum
300 2723 435 2786 sibinen
451 2721 643 2802 incolumem
660 2722 830 2800 fortunam,
845 2726 901 2787 sed
918 2725 1059 2788 exsilium
1081 2735 1115 2790 et

108 2826 228 2910 ‘fugam
240 2827 478 2908 deprecaretur,
493 2847 561 2888 esse
578 2805 740 2901 deuotum,
755 2836 789 2889 ut
805 2825 865 2889 vird
882 2849 915 2888 so
931 2827 998 2908 ipse
1014 2827 1115 2910 priva·
1217 2809 1218 2812 Ἴ

120 2943 176 2993 ret.
222 2929 240 2992 J
244 2949 296 2990 am
314 2929 359 2990 M.
384 2927 515 2991 Antonii
541 2927 571 2989 in
588 2927 641 2990 liis
660 2927 735 3010 ipsis
756 2929 871 3003 rostris,
887 2929 917 2990 in
934 2929 1047 3010 quibus
1062 2930 1114 2996 ille

119 3030 360 3144 rempublicpms
368 3029 623 3118 constantissime
640 3030 751 3093 consul
762 3030 961 3107 defenderat,
977 3052 1113 3115 quaeque

119 3151 234 3194 censor
260 3117 474 3212 impei'ntoriis'
488 3121 644 3194 rnenulids
660 3131 797 3206 orndrnt,
809 3133 948 3214 positum
964 3145 1062 3218 caput
1081 3134 1123 3198 il·-
1214 3119 1218 3170 ⁴³

119 3233 174 3296 lud
190 3232 258 3308 luit,
274 3255 293 3296 u
309 3253 372 3312 quo
399 3247 489 3297 orant
516 3235 686 3302 multorum
711 3234 840 3318 civium·
854 3237 961 3319 capita
976 3248 1112 3304 servate.

120 3334 236 3418 Neque
261 3337 335 3409 vero
351 3335 445 3418 longe
470 3336 511 3398 ab
524 3358 563 3400 eo
580 3337 616 3400 C.
630 3337 701 3400 Julii
718 3349 827 3419 caput,
842 3338 973 3422 hospitis
986 3339 1112 3405 Etrusci

120 3435 240 3500 scelere
258 3438 430 3519 proditum,
446 3459 520 3500 cunr
537 3439 574 3502 L.
591 3439 663 3502 lulii
686 3440 789 3504 fratris
812 3427 919 3525 capite
941 3442 1051 3526 jacuit,
1076 3454 1113 3508 ut
1148 3447 1155 3527 ᾗ
1217 3445 1218 3452 ’

121 3538 183 3615 ille,
198 3539 251 3621 qui
268 3538 337 3601 haec
350 3561 413 3600 non
431 3541 518 3620 vidit,
533 3551 565 3604 et
580 3541 692 3606 vixisse
718 3565 792 3608 cum
808 3531 969 3628 republicel
984 3531 1112 3628 petitor,
