2466 3966
309 162 354 204 na
378 163 532 205 naaroan
560 161 659 203 arnna
683 161 860 206 sacuunus.
1040 144 1081 204 93

85 307 151 370 sine
163 305 272 389 jeJ'und
297 305 538 370 concertatione
553 305 731 370 verborum.
776 305 850 369 Hoc
862 305 946 382 loco,
961 327 1003 370 ne
1015 317 1081 387 q‘ua

90 409 129 471 sit
144 408 325 482 admiratio,
340 408 365 470 si
381 418 428 471 tot
443 393 668 488 tantarumque
683 427 788 471 rerum
803 407 888 470 nulla
903 429 924 470 a
939 429 990 494 me
1005 427 1083 491 prar-
1132 461 1134 466 .

26 589 27 598 ἶ
92 520 187 591 cepta
203 519 372 591 ponentur,
395 511 442 572 sic
456 520 581 574 statuo:
604 509 649 572 Ut
675 509 705 572 in
720 509 844 574 caeteris
860 508 990 582 artibus,
1010 513 1084 573 ctlm

93 612 208 674 tradita
224 612 285 674 siut
300 612 453 694 cujusque
469 611 543 675 artis
562 611 758 687 difficillima,
783 610 914 690 r'eliqua,
939 609 1014 691 quia
1030 621 1085 674 aut

93 713 245 788 faciliora,
261 724 317 775 aut
332 712 445 797 similia
460 712 532 789 sint,
547 714 629 777 tradi
645 735 709 778 non
736 734 867 777 necesse
893 733 982 786 esse;
1004 712 1085 776 utin

94 813 227 895 pictura,
242 815 295 896 qui
312 813 447 876 hominis
462 815 602 896 speeiem
619 817 750 900 pingere
766 813 979 898 perdidicerit,
992 833 1086 896 posse

97 936 170 978 eum
182 914 317 998 cujusvis
332 915 381 978 vel
396 915 506 978 formae
523 916 572 979 vel
583 917 696 992 aetatis,
712 917 836 982 etiamsi
852 937 917 981 non
933 915 1087 992 didicerit,

95 1017 245 1098 pingere3
267 1037 372 1097 neque
387 1037 456 1080 esse
472 1017 657 1099 periculum,
672 1018 725 1099 qui
740 1018 866 1105 leonem
895 1028 949 1082 aut
964 1027 1089 1081 taurum
1178 1039 1182 1049 ·

95 1118 209 1201 pingat
235 1116 374 1200 egregie,
400 1139 442 1182 ne
457 1118 542 1182 idern
568 1119 601 1180 in
617 1118 722 1181 multis
749 1119 815 1182 aliis
831 1121 1112 1204 quadrupedibus.

95 1219 202 1283 lacere
213 1240 276 1282 non
290 1219 403 1301 possit3
425 1221 543 1302 (oeque
553 1230 601 1284 est
613 1221 743 1284 omnino
757 1242 806 1284 ars
822 1220 895 1297 ulla,
908 1222 938 1284 in
951 1223 1013 1303 qud
1025 1243 1090 1284 om·

96 1321 162 1396 nia,
188 1341 260 1401 quae
275 1319 327 1383 illa
342 1332 410 1385 arte
437 1320 522 1385 affici
548 1332 691 1403 possunt,
717 1323 884 1386 adnotare
907 1324 1092 1395 tradantur;

26 1423 27 1438 ³
98 1423 155 1486 sed
171 1423 226 1503 qui
242 1423 415 1504 primarum
430 1433 463 1487 et
488 1433 648 1486 certarum
665 1443 769 1486 rerum
795 1444 916 1506 genera
930 1423 1000 1506 ipsa
1015 1424 1092 1485 didi·

99 1535 221 1598 cerunt,
237 1524 357 1604 reliqua
372 1546 436 1587 noo
452 1525 655 1629 ineprnmode
669 1534 898 1646 persequuntur
908 1526 930 1606 ,)
954 1523 1093 1587 similiter

100 1625 291 1701 arbitror,1u
307 1626 408 1687 hac
385 1647 449 1689 sivo
474 1613 611 1702 ratibddr
635 1627 699 1689 sive
681 1606 941 1700 exercitatione
956 1625 1094 1700 dicendi,

100 1746 154 1806 qur
145 1725 256 1788 illam
280 1726 342 1787 vim
358 1728 493 1808 adeptus
508 1727 559 1803 sit,
584 1708 746 1791 uteorum
763 1738 897 1804 mentes,
912 1727 966 1809 qui
982 1737 1038 1791 aut
1052 1727 1094 1789 de

98 1825 272 1907 republica,
288 1836 343 1889 aut
368 1827 432 1890 de'
425 1828 520 1909 rpsius
534 1827 640 1903 rebus,
656 1839 711 1892 aut
734 1829 809 1892 de'
790 1851 837 1903 us,
864 1839 979 1892 contra
1004 1849 1094 1909 quos,

101 1937 159 1990 aut
173 1947 230 2008 pro
246 1927 359 2008 quibus
374 1929 471 2004 dicat,
487 1929 676 2011 cumulique
691 1931 850 1992 statuendi
867 1939 1026 2012 potestate
1042 1948 1095 1992 au-

98 2026 202 2102 diant,
214 2028 255 2090 ad
271 2049 362 2092 suum
373 2029 535 2092 arbitrium
546 2050 673 2092 movere
683 2031 793 2111 possit,
808 2030 893 2092 hunc
905 2031 946 2093 de
958 2039 1027 2093 toto
1043 2029 1095 2090 illo

101 2147 220 2209 genere
235 2129 427 2210 reliquarum
442 2132 623 2194 orationum
634 2151 698 2192 ιιοιι
715 2131 784 2212 plus
794 2131 999 2209 quaesiturum
1014 2149 1096 2203 esse,

101 2228 178 2309 quid
194 2229 291 2305 dicat,
306 2233 403 2312 quam
428 2232 625 2310 Polycletum
643 2231 740 2305 illum,
760 2235 834 2290 cum
851 2228 1025 2289 Herculem
1040 2228 1096 2290 fiu-

100 2330 212 2412 gebat,
227 2329 498 2418 quemadmodum
515 2329 630 2410 pellem
658 2339 713 2389 aut
728 2329 861 2410 hydram
877 2329 1022 2410 fingeret,
1043 2327 1097 2392 eti·

101 2429 184 2492 amsi
199 2431 269 2493 haec
284 2451 447 2510 nunquam
463 2429 634 2510 separatim
657 2427 764 2492 secere
779 2429 951 2492 didicisset.

147 2531 252 2594 XVH.
276 2531 362 2593 Τιιιιι
379 2531 529 2594 Catulus:
554 2530 710 2595 Praeclare
737 2529 813 2592 mibi
827 2529 952 2606 videris,
967 2530 1099 2605 Antoni,

101 2632 247 2714 posuisse
258 2641 332 2694 ante
342 2631 463 2706 oculos,
472 2631 547 2712 quid
560 2632 683 2694 discere
696 2641 857 2714 oporteret
869 2651 954 2707 eum,
965 2632 1020 2712 qui
1031 2652 1100 2695 ora·

102 2741 154 2796 tor
165 2744 248 2796 esset
259 2732 393 2807 iuturus3
407 2733 482 2814 quid
492 2732 601 2806 etiam,
613 2733 638 2793 si
652 2749 715 2794 non
725 2732 898 2806 didicisset,
913 2751 952 2792 ex
965 2751 1004 2792 eo
1013 2733 1099 2810 quod

102 2831 278 2908 didicisset,
294 2851 474 2896 assumere:
498 2832 656 2896 deduxisti
674 2832 758 2895 enim
770 2841 873 2893 totum
889 2829 1052 2892 hominem
1068 2831 1100 2894 in'

102 2935 170 2998 duo
183 2934 285 2997 solum
294 2935 609 3018 generacausarum3
630 2945 748 2996 caetera
758 2929 1002 2994 innumerabilia
1014 2952 1101 2997 exer·

102 3034 250 3098 citationi
276 3046 309 3099 et
330 3034 523 3099 similitudini
538 3033 700 3115 reliquisti.
745 3033 811 3096 Sed
826 3032 1001 3109 videtque
1016 3032 1048 3096 iri
1063 3034 1101 3097 is·
1122 3024 1129 3032 “

101 3135 144 3202 tis
160 3137 285 3200 duobus
310 3137 480 3220 generibus
506 3136 605 3218 hydra
620 3134 678 3197 tibi
692 3134 741 3209 sit,
757 3145 790 3198 et
815 3135 922 3217 pellis;
944 3135 1101 3200 Hercules

102 3247 226 3313 autem,
242 3238 348 3301 atalia
363 3259 463 3320 opera
477 3237 610 3320 majora,
622 3257 663 3300 ne
678 3235 709 3297 in
726 3234 783 3298 illis
799 3237 903 3311 rebus,
928 3256 1007 3317 quas
1022 3257 1102 3318 prae·
1126 3243 1128 3247 ’

100 3338 263 3413 termittia,
280 3339 506 3419 relinquantur.
550 3337 627 3400 Νοιι
649 3335 735 3399 enim
761 3336 837 3399 mihi
864 3337 966 3400 minus
992 3335 1100 3420 operis

98 3437 229 3502 videtur
244 3439 285 3502 de
302 3439 451 3502 universis
466 3438 634 3522 generibus
660 3457 776 3513 rerum,
798 3439 892 3517 quam
908 3437 949 3501 do
964 3436 1101 3519 singulo.

100 3539 305 3621 rumonusis,
321 3559 360 3604 ac
386 3539 486 3607 multo
501 3539 599 3604 etiarn
625 3538 726 3626 majus
751 3539 931 3606 donaturi
956 3537 1100 3614 deorum,
1185 3609 1193 3628 ι
