2466 3966
151 119 210 180 ltu
374 133 416 198 pn
432 133 583 182 ιιιιιιιιι,
597 133 693 180 utana
707 131 884 180 encunous.
988 184 990 191 ,

146 284 214 360 nim,
236 281 294 350 tibi
314 301 442 354 oausam
468 280 605 366 aliquem
629 279 703 344 dem
728 279 906 344 recusandi:
928 298 1105 366 quanquam

145 387 233 456 soleo
250 389 333 471 sepe
359 379 471 454 mirari
485 405 594 454 eorum
619 383 854 468 impudentium,
880 384 932 466 qui
955 395 1052 468 agunt
1076 384 1104 446 in
1219 427 1220 440 .

144 491 239 560 reond
259 501 393 584 gestum,
410 501 578 574 ,spectante
593 487 725 558 Roscio:
747 487 823 572 quis·
837 487 920 552 enim
941 509 1009 554 sese
1023 507 1104 552 eum·
1205 503 1210 512 '

144 617 269 662 movere
284 605 398 680 potest,
412 594 500 678 cujus
512 592 562 662 ille
576 591 649 656 vitia
660 613 724 656 non
735 591 857 661 videat?
880 592 934 658 Sic
944 611 1104 680 egonuue

143 700 258 766 Crasso
272 699 431 774 audiente,
450 696 583 782 prinum
605 695 714 778 loquer
739 695 779 760 de
793 694 923 773 secetiis,
937 708 969 761 et
983 695 1104 762 docebo
1214 757 1221 797 ἐ

142 825 193 874 stu
208 805 256 886 (ut
271 804 371 886 ιιιιιιι)
387 812 544 869 oretoeem
558 820 639 872 eum,
664 815 758 881 quent
773 801 845 862 cum
864 799 993 868 Catulus
1008 820 1104 884 nuper

143 907 416 992 audiueufrenum
429 905 509 971 alim
535 903 640 970 aiebat
664 925 731 968 erce
753 915 904 987 oportere.
948 904 1030 971 Tum
1047 903 1105 980 ille,

142 1011 324 1085 Jnccbatun
338 1009 446 1090 inquit,
460 1008 599 1085 Catulus,
614 1007 863 1091 praesertim'cdnr
878 1007 920 1073 ita
930 1007 1015 1074 dicat
1029 1007 1103 1092 ipse,

141 1125 175 1178 ut
197 1111 351 1178 ambrosi&
376 1112 505 1176 alendus
530 1133 597 1176 esse
623 1111 780 1176 videatur:
804 1113 963 1188 verumte,
988 1111 1103 1189 Caesar,

141 1218 313 1293 audimus,
327 1227 362 1283 ut
376 1215 417 1280 ad
432 1215 558 1285 Antonii
574 1213 690 1296 reliqua
706 1214 879 1280 redeamus.
922 1213 963 1278 Et
975 1215 1103 1280 Antoni·

140 1343 186 1398 ιιι,
207 1321 371 1405 Perpance
394 1320 518 1403 quidem
533 1318 606 1382 milri
632 1329 760 1393 restant,
784 1318 897 1402 inquit:
918 1321 974 1387 sed
996 1307 1101 1386 tamen

139 1425 276 1492 deleam:
286 1424 356 1510 jem,
368 1423 474 1488 lebore
489 1434 582 1505 atque
597 1423 705 1488 itinere
730 1423 956 1507 disputationis.
971 1425 1101 1506 requies·

138 1530 256 1596 camin
272 1529 403 1595 Cesaris
417 1547 571 1632 sermone,
592 1528 680 1610 quasi
705 1527 735 1590 in
751 1527 855 1610 aliquo
870 1543 1100 1614 peropportuno
1219 1577 1224 1588 .

137 1633 312 1699 diversorio.

179 1734 292 1801 LVIII.
315 1733 419 1814 Atqui,
434 1732 532 1815 inquit
554 1731 662 1808 Julius,
676 1753 739 1796 non
754 1733 843 1796 nimis
857 1733 983 1800 liberale
999 1737 1099 1822 hospi·

137 1840 213 1904 tium
229 1859 333 1904 meum
358 1835 462 1902 dices:
485 1856 557 1902 narn
583 1847 615 1898 te
630 1835 659 1907 in
685 1834 777 1912 viem,
792 1837 921 1908 simulac
938 1841 1098 1922 perpaulu-
1210 1861 1225 1908 ,¹

135 1943 198 2010 lmn
210 1940 355 2028 -gustdris,
364 1939 525 2006 extrudam
541 1950 572 2004 et
587 1939 720 2022 ejiciam.

177 2047 236 2124 Ao,
246 2067 287 2112 ne
300 2044 412 2110 diutius
435 2063 488 2108 vos
499 2043 651 2120 demorer,
664 2043 705 2108 de
720 2041 804 2108 ornni
819 2043 878 2108 isto
892 2065 1007 2129 genere
1022 2050 1096 2132 quid

133 2151 277 2227 seutiam,
301 2148 488 2234 perbreviter
510 2167 675 2232 exponam.
717 2145 765 2210 De
781 2147 840 2212 risu
866 2149 1001 2234 quinque
1014 2165 1097 2231 suat,

132 2275 204 2338 quae
218 2265 413 2335 manantur:
434 2273 539 2329 unum,
553 2251 692 2336 quidsit:
714 2250 946 2329 alterum,unde
960 2254 1016 2320 sit:
1039 2267 1096 2323 ter·
1139 2285 1142 2291 ·

133 2358 220 2434 tium,
234 2358 313 2422 sitne
328 2357 468 2432 oratoris,
482 2355 559 2420 velle
575 2356 666 2421 risum
690 2374 830 2420 movere:
853 2371 1007 2439 quartum,
1023 2361 1096 2443 quai·

132 2469 240 2526 tenus:
262 2459 412 2540 quintum,
426 2479 497 2541 quae
511 2458 571 2522 sint
594 2479 711 2542 genera
726 2459 852 2525 ridiculi
896 2461 999 2543 Atque
1022 2462 1094 2528 illud
1185 2517 1193 2526 .

132 2561 275 2646 primum,
286 2561 359 2643 quid
374 2560 413 2624 sit
427 2561 492 2644 ipse
507 2560 664 2644 risus,qu0
674 2576 768 2645 paeto
783 2563 968 2642 concitetur,
979 2565 1031 2630 ubi
1045 2568 1094 2644 sit,

84 2703 91 2708 -
130 2664 289 2750 quomodo
314 2663 451 2741 exsistat,
465 2683 558 2746 atque
583 2664 626 2728 ite
649 2667 776 2748 repente
791 2677 946 2750 erumpat,
972 2680 1006 2733 ut
1020 2689 1092 2734 eum

129 2769 290 2856 cupientes
306 2780 412 2836 tenere
437 2789 639 2852 nequeamus,
663 2780 695 2834 et
709 2769 867 2853 quomodo
881 2770 971 2836 simul
984 2771 1093 2852 latere,

128 2896 174 2952 οι,
188 2895 294 2952 aenas,
315 2872 442 2950 vultum,
456 2871 563 2938 oculos
585 2884 731 2957 occupet,
751 2873 861 2938 viderit
875 2873 1090 2942 Democritus:

128 2975 327 3060 nequeenim
343 2977 381 3042 ed
398 2977 481 3042 hunc
491 2998 666 3043 sermonem
682 2977 742 3042 hoc
757 2976 907 3060 pertinet:
930 2987 972 3056 et,
986 2980 1091 3066 siper·

127 3080 248 3157 tiuaret,
262 3080 381 3146 nescire
396 3101 447 3146 me
457 3092 563 3146 tamen
579 3081 610 3144 id
635 3101 697 3145 non
721 3082 861 3164 puderet,
883 3067 965 3162 quod
981 3102 1021 3148 ne
1032 3084 1090 3170 ipsi
1155 3065 1158 3074 .

127 3181 251 3268 quidem
267 3183 308 3247 illi
332 3182 456 3262 scirent,
470 3184 522 3268 qui
537 3184 763 3270 pollicerentur.
806 3184 911 3250 Locus
926 3198 1042 3266 autem,
1057 3201 1090 3256 et
1212 3205 1214 3212 '

125 3286 212 3372 regio
225 3287 313 3369 quari
339 3286 459 3360 ridiculi,
478 3287 566 3370 (nent
581 3288 611 3353 id
627 3287 764 3372 proxime
789 3289 946 3382 queritur)
962 3292 1089 3386 turpitu-

125 3388 197 3456 dine
212 3402 244 3456 et
268 3389 464 3456 deformitate
488 3389 624 3474 quadam
647 3390 841 3466 continetur:
862 3393 932 3460 haeo
953 3396 1035 3462 enim
1052 3396 1088 3461 ri·

46 3519 51 3542 ι
124 3493 236 3560 denum
250 3491 298 3558 vel
311 3492 388 3569 toln,
412 3491 460 3557 vel
482 3492 627 3570 maxime,
649 3515 719 3577 quae
733 3507 844 3562 notent
868 3510 900 3564 et
920 3498 1087 3586 designant

124 3596 344 3684 turpitudinem
356 3595 492 3679 aliquam
512 3617 577 3662 non
599 3597 737 3684 turpiter.
781 3600 839 3668 Est
853 3611 969 3682 eutem,
994 3613 1029 3668 ut
1044 3603 1086 3668 ed
