2400 3980
77 2599 79 2605 γ
126 2511 356 2596 disputatione
363 2503 431 2576 esse
432 2499 586 2575 neisdtei
608 2533 672 2575 non
697 2511 782 2594 qudd
808 2512 859 2575 ille
885 2524 1089 2592 contemnam

111 2695 113 2700 Ι
125 2630 198 2700 qum
210 2615 313 2680 Greci
325 2615 451 2678 dicendi
463 2615 597 2680 artifices
609 2626 641 2679 et
652 2615 798 2680 doctores
809 2615 1017 2700 reliquerunt3
1031 2621 1105 2698 sed,

82 2766 89 2778 .
125 2720 200 2786 cbm
214 2719 266 2784 ills
278 2730 419 2803 pateant,
436 2719 467 2783 in
479 2730 665 2802 promtuque
680 2721 742 2783 sint
764 2721 919 2798 omnibus,
941 2743 1044 2806 neque
1060 2745 1106 2790 ea

52 57 55 69 r
131 44 136 67 i
163 21 188 73 ,l
234 52 241 75 β

32 67 91 114 Α’ἿΙ
121 72 130 100 l'
157 59 259 98 t-llsi'd
295 60 320 96 ll*

131 157 152 219 8
374 171 417 218 us
439 171 588 219 errrore
612 171 707 219 srsss
731 171 858 220 mmm.

131 322 259 388 insuere
274 323 435 407 quandem
455 323 551 390 hebet
565 322 775 400 elocutionem
787 334 819 388 et
834 338 924 407 pene
939 315 1099 406 puerilem.

130 425 246 512 Neque
260 431 332 492 verb
359 427 497 512 egoboe
522 438 644 492 tentum
667 427 770 492 oneris
795 428 968 512 imponam,
989 424 1101 490 nostris

131 533 312 616 presertim,
334 532 518 610 emtoribus,
544 533 574 595 in
589 533 650 596 hee
665 531 753 596 tenti
777 530 986 615 occupatione
1010 529 1101 606 urbis,

132 657 173 702 ee
194 637 274 714 vise,
299 637 374 700 nilrd
396 647 431 701 ut
456 637 491 701 iis
506 649 612 720 putem
639 636 732 702 licere
757 637 896 702 nescire:
919 653 1101 719 quanquam

86 765 90 774 ·
130 741 176 806 vis
190 741 330 817 oratoris,
356 735 568 825 professioque
582 742 650 824 ipsc
664 741 745 804 bene
771 740 906 816 dicendi,
931 741 993 803 hoe
1007 738 1101 802 susci·

130 865 206 930 pere
220 865 260 910 ec
275 845 413 929 polliceri
424 845 554 922 videtur,
575 856 609 912 ut
624 845 709 909 omni
723 845 763 909 de
785 866 829 922 re,
855 862 1051 926 quecunque
1063 842 1102 906 sit
1191 849 1192 894 ἶ

130 949 302 1033 proposita,
316 949 358 1012 eb
373 971 413 1014 eo
434 952 554 1027 ornate,
568 950 757 1034 copioseque
772 949 903 1014 dicetur.
947 948 1010 1012 Sed
1027 947 1103 1030 quie
1191 949 1192 956 ’

131 1073 196 1117 non
211 1053 334 1130 dubito,
348 1053 422 1136 quin
437 1053 499 1118 hee
513 1053 666 1138 plerisque
678 1054 868 1118 immensum
883 1051 1103 1134 infinitumque

130 1157 283 1234 videatur,
297 1168 329 1222 et
344 1157 428 1240 qued
442 1157 571 1222 Grecos
585 1157 726 1222 homines
737 1177 801 1220 non
814 1156 914 1221 sellim
929 1156 1056 1240 iugenio
1068 1165 1103 1220 et
1191 1239 1192 1248 ἵ

129 1261 282 1338 doctrinis,
304 1262 469 1326 sedetiam
495 1262 560 1326 otio
586 1261 751 1345 studioque
775 1261 983 1337 abundantes,
1007 1260 1102 1344 purti-

128 1366 249 1432 tionem
263 1368 423 1449 quendem
435 1367 546 1430 artium
561 1364 671 1430 fecisse
683 1365 783 1442 vido0,
794 1386 898 1448 ¹neque
913 1364 943 1428 in
959 1364 1103 1430 universo

129 1489 246 1555 genere
257 1470 394 1554 singulos
415 1469 603 1546 eleborbsse,
624 1471 679 1534 sed
691 1470 865 1553 seposuisse
877 1490 896 1532 e
908 1468 1103 1532 caeterisdic·

129 1574 265 1638 tionibus
279 1596 351 1638 enm
367 1585 489 1656 partem
504 1575 639 1650 dicendi,
661 1593 732 1656 quse
746 1574 777 1637 in
794 1573 966 1638 forensibus
980 1573 1103 1656 diseep·

129 1677 298 1741 tationibus
307 1678 505 1762 judiciorum,
520 1688 575 1740 aut
589 1677 847 1741 deliberationum
859 1689 1042 1752 versaretur,
1068 1689 1103 1758 et

129 1781 160 1846 id
173 1803 268 1846 unum
284 1803 384 1865 genus
395 1782 509 1846 orstori
521 1781 701 1864 reliquisse,
721 1803 785 1846 non
797 1781 992 1866 complectar
1007 1781 1038 1848 in
1054 1783 1102 1848 his

128 1885 215 1952 libris
228 1886 369 1970 emplius,
393 1888 486 1968 quem
513 1886 598 1968 quod
623 1885 696 1949 huie
710 1887 827 1970 generi,
844 1907 876 1950 re
902 1872 1042 1970 quaes'ire,
1068 1899 1103 1952 et

129 1989 261 2056 mutetur
273 1989 439 2075 disputstd,
454 2009 646 2053 summorum
658 1989 818 2054 hominum
831 2011 929 2074 prope
943 2011 1102 2056 consensu

127 2105 177 2160 est
202 2095 367 2159 tributum.
391 2105 605 2178 repetamque,
619 2115 683 2192 non
699 2093 739 2157 ub
764 2095 962 2192 iqcunebulis
985 2107 1102 2160 nostrae
1191 2177 1192 2184 ἵ

128 2199 239 2264 veteris
254 2198 441 2302 puerilisque
453 2181 610 2264 doctrinae
619 2171 778 2316 quendem
784 2179 962 2265 ordiridm
961 2219 1103 2286 precep-

128 2313 242 2381 torum,
256 2304 310 2368 sed
323 2326 372 2380 ee,
387 2324 458 2386 quae
472 2304 632 2386 quondam
649 2303 759 2387 occepi
775 2303 805 2366 in
816 2271 991 2368 nostiorum
1002 2305 1104 2370 homi·

127 2427 214 2484 num,
239 2407 588 2544 eloquentissimorum,
598 2417 629 2471 et
644 2429 729 2471 omru
721 2407 897 2492 dignitate
913 2409 1104 2493 principum,

1095 2573 1106 2604 9

125 2825 381 2910 interpretatione
403 2822 474 2886 meir
497 2833 553 2886 eut
573 2823 713 2888 emetiris
737 2824 894 2908 explicari,
910 2828 1104 2912 autplsnilrs

74 2931 76 2936 ’
125 2929 255 3014 exprimi
267 2929 395 3012 possint,
406 2925 496 2992 debis
507 2927 590 2992 benc
605 2929 739 3008 veniam,
751 2929 793 2992 mi
807 2929 912 3007 freter,
927 2947 961 2996 ut
976 2933 1103 3016 opinor',

125 3042 292 3109 uteorum,
314 3031 425 3114 quibus
440 3051 563 3098 stimme
587 3033 712 3096 dicendi
727 3033 794 3096 leus
809 3055 828 3098 e
842 3035 954 3104 nostris
968 3035 1104 3102 homini·

124 3136 183 3202 bus
205 3156 357 3200 concessu
371 3143 428 3212 est,
443 3137 662 3200 auctoritatem
678 3136 798 3202 Grecis
813 3148 1015 3223 anteponam.-

139 3237 238 3304 V.lI.
262 3239 365 3304 Cium
357 3239 450 3324 igitur
469 3239 682 3305 vehementibs
708 3241 925 3308 inveberetur'
919 3265 950 3306 ιιι
964 3265 1103 3312 censam

108 3325 299 3430 'prineipurir
324 3337 433 3408 eorlsul
455 3343 625 3430 Philippus,
650 3337 805 3429 Drusique
830 3347 1015 3445 tribunatus,
1035 3371 1104 3434 pro

123 3449 250 3514 senatuis
262 3448 448 3512 auctoritate
473 3459 647 3532 exceptus,
660 3441 806 3534 infringi
793 3471 861 3535 Jem
875 3449 1104 3537 debilitarique

123 3537 297 3630 sidereum
310 3552 372 3618 dici
388 3551 461 3616 mihi
476 3552 615 3630 memini,
629 3553 774 3618 ludorum
789 3471 1007 3622 ilemenosum
1029 3557 1105 3625 die

123 3657 192 3736 bus,
205 3657 242 3724 L.
265 3657 423 3734 Orsssum,
443 3657 534 3742 quasi
557 3656 725 3743 colligendi
739 3659 785 3724 sui
800 3659 905 3739 causi,
919 3681 954 3726 se
968 3659 1004 3726 in
1014 3660 1105 3732 'Ibis-
