2458 3972
340 105 382 180 aa
401 127 554 198 aaaron
577 127 675 173 arura
696 127 844 174 rasurus.
1013 111 1074 177 au

104 274 204 361 quim
218 277 480 378 sermomonem
491 297 594 380 prpra,
612 277 710 360 ‘quam
724 259 848 360 puppis,
861 239 954 360 quim
967 287 1075 345 autam

106 381 273 463 nmquam
289 379 473 462 raucum
486 368 580 446 malit
603 401 673 464 quae
687 391 792 446 temen
815 381 897 446 hanc
912 380 1073 446 habentia

106 483 215 568 specie
230 495 436 560 venustatem,
450 494 486 550 ut
494 505 557 550 nco
572 483 673 546 scium
696 482 812 560 salutis,
836 483 892 548 sed
915 484 1009 548 etiam
1024 505 1076 550 rc·

3 577 16 596 ⁹
104 587 235 672 luptatis
260 586 364 664 musa,
391 587 516 658 iuventa
541 609 608 657 esse
634 587 802 652 uideantur.
857 587 1019 662 Columnae
1043 599 1076 652 et

107 690 275 785 tempiset
299 690 435 775 porticus
460 691 624 759 sustinent:
647 703 752 756 tamen
779 691 896 770 habent
916 713 983 794 non
1009 690 1077 775 plus

35 875 46 890 .
107 795 258 872 utilitatis,
272 797 366 877 quam
390 796 557 880 diguitatis.
601 795 746 880 Capitolii
771 795 925 880 fastigium
942 794 1027 872 illud,
1045 807 1077 860 at

106 910 293 970 ceterarum
310 900 433 976 aedium,
458 922 521 967 nou
543 911 702 990 'venustas
724 899 779 964 sed
805 894 974 964 necessitas
999 899 1077 983 ipsa,
1143 963 1145 969 ,

3 1017 5 1034 ’
108 1003 262 1072 fabricata
278 1014 343 1068 est:
365 1025 439 1068 nam
456 1006 623 1068 clamasset
639 1003 745 1067 habita
770 1003 859 1080 ratio,
874 1003 1077 1085 quemadmo-

107 1107 186 1172 dum
198 1127 237 1170 er
251 1105 379 1194 utrique
390 1107 464 1170 tecti
476 1117 563 1190 parte
579 1106 663 1187 aqua*
675 1105 890 1184 delaberetur,
912 1107 1076 1172 utilitatem

108 1209 219 1293 templi
240 1209 353 1294 fastigii
367 1209 502 1294 dignitas
514 1220 684 1275 consecuta
695 1220 761 1284 cst3
782 1220 825 1285 ut,
837 1210 959 1274 etiamsi
973 1211 1003 1274 in
1015 1219 1077 1276 ctis·

108 1313 142 1377 io
157 1323 350 1390 statueretur,
365 1313 416 1376 ubi
440 1313 538 1377 imber
552 1333 620 1376 esse
642 1333 704 1376 non
728 1322 843 1395 posset,
868 1313 985 1378 nullam
1010 1314 1076 1380 sine

109 1415 235 1500 fastigio
260 1416 443 1500 dignitatem
470 1415 645 1479 habiturum
672 1399 902 1480 esseuideatur.
947 1415 1019 1480 Hoc
1044 1417 1075 1480 in
1148 1421 1151 1425 ’

110 1521 257 1590 omnibus
272 1521 344 1584 item
361 1521 498 1604 partibus
511 1520 661 1585 orationis
680 1517 792 1596 evenit,
804 1518 1024 1597 ututilitatem,
1038 1541 1076 1586 ac

109 1627 207 1710 prope
233 1624 462 1700 necessitatem,
486 1623 621 1698 suavitas
645 1623 789 1706 quaedam
805 1633 836 1686 et
858 1623 944 1707 lepos
969 1643 1077 1694 ecoru-

110 1741 254 1810 quator..
277 1725 439 1792 Clausulas
454 1727 547 1804 enim,
563 1739 657 1808 atque
682 1726 880 1810 interpuncta
903 1726 1077 1804 verborum,

111 1831 225 1895 animas
236 1824 411 1896 interclusio
423 1843 517 1914 atque
527 1831 678 1914 augustiae
688 1830 809 1914 spiritfrs
819 1829 996 1904 attuierunt.
1039 1830 1075 1916 ld
1178 1907 1181 1914 ,

65 1965 70 1973 ·
110 1935 270 2000 inventum
285 1934 329 1998 ita
343 1945 391 1998 est
404 1955 509 2010 suave,
524 1945 567 2010 ut,
589 1935 613 1997 si
625 1934 674 2000 oui
690 1933 728 1996 sit
740 1932 874 1998 infinitus
888 1932 1010 2017 spiritus
1024 1934 1078 1998 da·
1191 1979 1193 1982 -

109 2049 171 2116 tus,
197 2049 302 2130 tamen
329 2058 401 2102 eum
426 2049 610 2121 perpetuare
636 2037 732 2103 verba
757 2034 907 2102 nolimus:
938 2035 968 2099 id
993 2035 1075 2100 enim

13 2137 15 2140 ’
111 2141 237 2207 auribus
258 2141 368 2206 nostris
379 2152 503 2224 gratum
518 2152 565 2204 est
579 2141 749 2216 inventum,
763 2139 845 2220 quod
861 2139 1020 2204 hominum
1035 2139 1078 2204 ia·
1121 2193 1127 2205 ,

111 2246 228 2312 teribus
253 2266 316 2310 non
345 2244 505 2310 tolerabile
534 2243 645 2322 scium,
673 2243 729 2308 sed
757 2243 852 2308 ctiam
882 2241 983 2321 facile,
1010 2263 1077 2326 esee

110 2361 226 2440 posset.

153 2452 284 2544 XLVii.
307 2451 505 2538 Longissima
530 2451 680 2536 estigitur
705 2450 880 2535 complexio
905 2452 1078 2532 verborum,

110 2579 183 2644 quae
205 2555 293 2644 volvi·
311 2577 374 2620 uno
399 2555 503 2640 spiritu
528 2566 639 2639 potest.
684 2555 748 2622 Sed
763 2555 814 2620 hic
830 2567 948 2630 naturae
969 2559 1079 2622 modus
1134 2543 1139 2554 ’

74 2733 81 2748 l
110 2675 170 2740 est,
184 2662 256 2728 artis
278 2660 374 2726 alius:
398 2681 471 2724 nam
486 2663 557 2726 clim
573 2660 633 2724 sint
655 2660 773 2724 numeri
800 2659 919 2744 plures3
941 2662 1078 2727 iambum

110 2779 143 2834 et
158 2765 332 2831 trecharum
346 2765 538 2848 frequentem
552 2774 696 2848 segregat
706 2763 746 2828 ab
757 2774 879 2830 oratore
889 2764 1080 2844 Aristoteles,

111 2870 236 2946 Catule,
250 2879 360 2948 vester,
385 2868 435 2952 qui
451 2866 560 2932 natura
575 2878 680 2930 tamen
704 2866 862 2935 incurrunt
876 2868 932 2950 ipsi
957 2868 988 2940 in
1014 2889 1081 2932 οη.

90 3020 95 3026 -
111 2957 232 3041 tionem
247 2989 485 3064 sermonemque
500 2979 660 3046 nostrum3
680 2970 734 3034 sed
761 2981 841 3037 sunt
857 2971 993 3056 insignes
1013 2991 1081 3056 per·

113 3078 274 3145 cursiones
299 3097 406 3140 eorum
431 3093 638 3150 numerorum,
654 3073 807 3146 etminuti
822 3075 927 3158 pedes.
971 3075 1080 3146 Quare

3 3185 20 3239 k
57 3195 63 3206 ’
111 3182 246 3268 primum
263 3180 302 3244 ad
319 3179 447 3246 heroum
473 3197 529 3242 nos
544 3175 659 3261 dactyli
675 3189 706 3242 et
730 3179 880 3261 anapaesti
894 3189 926 3242 et
941 3179 1082 3262 spondaei

3 3315 4 3324 ¹
113 3285 229 3372 pedem
240 3281 365 3359 inritat;
386 3283 416 3346 in
428 3303 490 3364 quo
502 3281 627 3366 impunis
640 3279 940 3364 progredilicetduo
954 3281 1083 3348 duntax-

115 3398 151 3454 at
165 3388 272 3472 pedes,
299 3391 353 3450 aut
367 3385 461 3469 paulo
475 3385 554 3468 pius,
568 3405 608 3450 ne
628 3384 719 3469 plane
734 3384 763 3448 in
776 3405 905 3479 versum,
919 3397 973 3450 aut
983 3386 1093 3455 simili

114 3491 255 3558 tudinem
283 3507 423 3555 versuum
450 3487 630 3553 incidamus.
673 3487 836 3554 Aiiaesunt
860 3487 1082 3574 geminaequ-

115 3589 175 3662 bus
189 3592 220 3660 iri
235 3603 297 3658 tres
311 3588 398 3657 heroi
413 3591 509 3676 pedes
520 3591 550 3656 in
562 3590 716 3678 'principia
726 3591 1008 3660 continuandorum
1019 3613 1082 3658 ver-

582 3702 622 3758 90
