2466 3966
375 1 386 32 l

47 29 382 136 artatur.
483 97 486 105 r
610 20 811 111 f
1104 108 1108 119 Ι

512 124 517 133 ι

327 151 379 198 ron
397 110 562 219 oaapbau'
574 151 672 194 urana
699 147 881 195 securibus.
1050 126 1109 192 tot

105 301 286 386 degenere
297 301 425 376 versati,
437 319 571 381 quorum
582 273 736 380 quamdiu
747 283 1018 372 rnansltimitatio,
1030 278 1117 357 tam?

105 407 159 470 diu
182 426 284 488 genus
305 403 380 467 illud
401 403 528 466 dicendi
550 403 753 482 studiumque
770 398 861 462 vixit:
884 409 1110 482 posteaquam,

106 505 256 573 extinctis
269 507 326 583 his,
342 507 445 570 omnis
458 527 568 568 eorum
582 504 738 568 memoria
749 501 865 566 sensim
880 501 1052 564 obscurata
1062 509 1112 564 est

106 623 140 676 et
155 611 305 686 evanuit3
328 609 390 672 alia
405 593 554 689 quaedarh
570 604 697 671 dice'ndi
714 604 859 668 molliora
875 625 915 667 ac
930 604 1111 666 remissiora

106 701 411 798 generaviguerunt.
457 706 1122 792 IndeDemochares,quemaiuntsororis.

106 819 206 882 lilium
222 817 316 880 fuisse
332 815 557 879 Demostheni:
582 826 648 876 tum
665 813 837 878 Phalereus
852 811 901 874 ille
917 795 1110 884 Demetrius,

108 913 1111 1000 omniurnistorum,medsententid,politissimus,aliiqueeorum

107 1024 225 1088 similes
242 1023 438 1085 exstiterunt.
484 1020 570 1088 Quae
586 1021 610 1092 si
623 1019 764 1082 volemus
782 1041 881 1101 usque
899 1019 939 1097 ad
958 1017 1020 1081 huc
1032 1027 1112 1080 tem·

108 1147 168 1210 pus
181 1124 344 1208 persequi3
366 1123 588 1204 intelligemus,
601 1133 635 1184 ut
645 1119 741 1185 hodie
754 1121 1013 1185 Alabandensem
1026 1119 1111 1182 illum

109 1228 305 1302 Meneclem,
328 1237 360 1290 et
377 1227 442 1310 ejus
459 1225 587 1288 fratrem
605 1223 801 1301 Hieroclem,
819 1247 899 1306 quos
916 1245 978 1307 ego
995 1223 1127 1298 audivi,

108 1343 177 1395 tota
191 1331 327 1394 imitetur
340 1330 431 1393 Asia:
456 1327 501 1390 sie
513 1349 639 1410 semper
654 1327 747 1390 luisse
765 1328 915 1409 aliquem,
929 1327 1016 1410 cujus
1027 1349 1061 1391 se
1074 1327 1112 1389 si·

110 1433 200 1497 miles
218 1432 357 1516 plerique
373 1453 443 1495 esse
456 1430 581 1494 vellent.
1213 1499 1217 1508 Ι

154 1535 251 1598 Hanc
267 1535 361 1616 igitur
373 1533 608 1597 similitudinem
622 1532 675 1614 qui
687 1531 864 1595 imitatione
878 1531 1004 1614 assequi
1016 1531 1111 1610 volet,
1176 1603 1184 1620 ο

110 1649 179 1702 turn
193 1638 472 1702 exercitationibus
483 1635 601 1700 crebris
612 1649 707 1716 atque
720 1635 927 1720 anagnie,tum
941 1635 1111 1700 scribendo

112 1742 249 1804 maxime
266 1753 492 1824 persequatur:
517 1740 601 1820 quod
619 1740 644 1802 si
660 1739 711 1802 hle
727 1721 835 1804 hoster
852 1739 1011 1824 Sulpicius
1028 1740 1112 1804 face-⁴

111 1855 169 1920 ret,
182 1845 279 1906 multo
290 1845 356 1928 ejus
367 1843 468 1906 oratio
479 1855 563 1906 essct
573 1844 725 1926 pressior3
741 1844 771 1906 in
781 1844 1112 1926 qudnuncinterdum

114 1949 161 2030 (ut
178 1949 209 2010 in
224 1947 327 2010 herbis
340 1947 446 2010 rustici
462 1945 564 2009 solent
580 1947 711 2028 dicere)
729 1947 759 2009 in
773 1948 897 2011 samma
909 1949 1056 2013 ubertate
1068 1949 1113 2010 in-

114 2051 302 2114 estluxuries
312 2051 472 2130 quaedam,
483 2071 554 2131 quae
565 2049 635 2111 stilo
647 2051 854 2132 depascenda
865 2062 921 2115 cst.
952 2040 960 2082 l
968 2049 1032 2112 Hic
1044 2050 1113 2112 Sul·

114 2153 224 2236 piolus,
246 2153 300 2215 Me
316 2154 456 2233 quidem,
473 2153 582 2232 inquit,
599 2155 684 2215 recte
701 2173 823 2228 mones,
838 2153 934 2234 idque
951 2150 1028 2214 mihi
1042 2173 1113 2233 gra·

13 2309 14 2328 2
114 2267 178 2319 tum
196 2267 258 2318 est:
281 2256 336 2318 sed
354 2277 393 2317 ne
411 2267 442 2317 te
459 2256 598 2335 quidem,
618 2254 748 2329 Antoni,
770 2253 902 2316 multum
919 2252 1113 2335 scriptitasse

114 2359 256 2423 arbitror.
293 2357 378 2421 Tum
392 2358 453 2433 illc,
466 2359 570 2426 Quasi
582 2361 667 2431 verb,
677 2357 787 2437 inquit,
800 2379 863 2420 non
877 2379 916 2421 ea
927 2357 1112 2440 praecipiom

114 2463 191 2538 aliis,
207 2483 279 2544 quae
294 2462 369 2525 mihi
386 2461 444 2544 ipsi
456 2461 575 2524 desint:
599 2461 655 2524 sed
669 2472 776 2523 tamen
790 2482 830 2524 ne
843 2461 968 2525 tabulas
981 2461 1111 2545 quidem

13 2591 14 2594 ¹
114 2560 272 2629 conficere
289 2565 459 2628 existimor.
504 2564 622 2628 Verum
640 2575 672 2628 ct
695 2563 725 2626 in
749 2565 822 2640 hoo,
845 2585 883 2627 err
911 2587 943 2629 re
967 2562 1113 2628 familiari

114 2669 237 2744 metuet
249 2669 278 2729 in
296 2667 358 2743 illo,
375 2689 412 2730 er
424 2689 462 2730 eo
479 2669 565 2749 quod
576 2667 660 2742 dico,
676 2667 862 2748 quantulum
873 2667 903 2730 id
916 2688 1043 2749 cunque
1054 2678 1113 2745 est,

114 2772 188 2852 quid
206 2771 334 2848 saelum,
351 2771 486 2854 judicari
503 2780 617 2852 potest.
663 2770 769 2855 Atque
785 2790 854 2832 esse
871 2778 979 2832 tomen
997 2769 1113 2834 multos

114 2875 268 2949 videmuS,
283 2874 335 2956 qui
353 2874 514 2937 nominem
528 2874 700 2947 imitentur,
716 2883 748 2935 et
763 2870 874 2953 suapte
886 2869 1009 2948 natura,
1025 2875 1112 2954 quod

115 2977 221 3053 velint,
240 2978 307 3040 sine
323 2977 510 3060 cujusquam
527 2975 729 3038 similitudine
746 2967 1002 3058 consequantur:
1026 2977 1112 3064 quod

115 3091 147 3144 et
156 3081 284 3144 invobis
296 3080 504 3144 animadverti
515 3081 723 3161 rectdpotest,
733 3079 854 3155 Coesar,
865 3091 896 3143 et
907 3080 1022 3157 Cotta3
1036 3103 1114 3164 quo·

115 3207 184 3248 rum
207 3185 286 3247 alter
301 3185 484 3247 inusitatum
502 3183 630 3265 quidem
646 3185 761 3248 nostris
777 3183 954 3248 oratoribus
970 3185 1113 3269 leporem

116 3291 277 3374 quendam
302 3300 334 3352 et
354 3289 465 3363 salem,
489 3288 567 3350 altor
584 3288 800 3351 acutissimum
823 3299 855 3351 et
875 3287 1112 3354 subtilissimum

94 3461 97 3469 Α
116 3391 242 3456 dicendi
254 3401 621 3473 gonuscstconsecutus.
660 3391 775 3474 Neque
786 3391 860 3454 verb
871 3403 972 3455 vester
983 3393 1114 3474 aequalis

50 3483 57 3494 ⁸
117 3497 225 3569 Curio,
242 3494 357 3573 (patre,
375 3491 445 3555 med
457 3494 623 3572 sentcntid,
636 3495 683 3557 vel
697 3495 953 3574 eloquentissimo
967 3499 1115 3578 tempori·
1130 3535 1139 3543 -

116 3602 176 3664 bus
188 3597 269 3680 illis)
284 3616 464 3680 quenquam
478 3599 552 3660 mihi
566 3619 762 3683 magnopere
776 3599 896 3663 ridetur
909 3601 1038 3664 imitari:
1062 3605 1115 3689 qui

584 3702 624 3768 qs
