2466 3966
329 176 372 220 aa
395 173 546 220 carrona
570 173 668 216 arasa
691 173 882 217 sacoannr„
988 192 992 200 ·
1031 157 1089 214 tto

112 343 196 390 cano
211 323 252 390 iiii
269 324 387 410 majori,
412 343 562 388 coronam
576 322 632 386 sibi
659 322 689 386 in
706 321 849 410 convivio
864 321 904 384 ad
925 330 1023 404 eaput
1039 340 1089 382 ac·

114 429 340 504 commodanti,
365 419 438 492 cirm
464 448 504 491 ea
528 428 641 511 saepius
663 438 869 510 rumperetur,
892 424 928 490 P.
952 422 1089 488 Licinius

115 533 226 609 Varus,
241 531 319 597 Noli
332 531 451 607 mirari,
466 530 575 612 inquit,
590 531 617 595 si
631 552 691 594 non
713 530 875 593 convenit:
897 539 989 613 caput
1010 528 1089 590 enim

114 657 261 720 magnam
285 649 350 700 est:
372 634 540 711 laudabile,
565 646 597 698 et
623 627 810 698 honestum‘
844 633 886 698 At
911 653 949 696 ex
975 633 1088 696 eodem

115 761 230 825 genero
255 751 320 804 est:
346 738 460 804 Oetam
485 737 565 804 satis
580 751 647 802 est:
669 737 752 824 quod
775 737 850 801 dicit
873 757 994 821 parum.
1039 735 1089 798 Ne
1147 813 1152 822 „

118 843 234 908 muita:
256 832 483 928 nuilumgenus
498 854 545 908 est
556 843 631 928 joci,
646 865 708 925 quo
720 841 786 908 'nou
803 865 841 906 err
852 841 966 906 codem
982 861 1090 904 severa

118 947 272 1032 etgraria
296 960 465 1014 sumantur.
509 948 614 1030 Atque
635 949 695 1011 hoc
721 948 817 1012 etiarn
843 945 1091 1010 animadverten-

118 1052 203 1128 dum,
227 1074 290 1117 non
306 1075 373 1118 esse
389 1055 495 1117 omnia
515 1051 653 1126 ridicula,
676 1051 791 1116 faceta.
835 1051 923 1121 Quid
939 1049 1022 1114 enim
1038 1073 1091 1134 po·

116 1167 178 1220 test
193 1177 261 1220 esse
285 1169 351 1221 tam
376 1156 550 1231 ridiculum,
576 1157 670 1238 quam
696 1155 816 1220 Sannio
842 1155 911 1218 esti
935 1155 999 1218 Sed
1027 1177 1091 1231 ore,

118 1259 213 1337 voltu,
227 1260 384 1324 imitandis
400 1260 547 1335 moribus,
571 1281 661 1335 voce,
675 1253 810 1342 denique
826 1258 894 1342 ipso
908 1281 1040 1342 corpore
1056 1259 1092 1322 ri·

40 1432 44 1442 ,
117 1363 217 1428 detur.
261 1363 384 1440 Salsum
411 1365 494 1428 hunc
509 1384 636 1446 possum
650 1362 765 1439 dicere,
788 1374 884 1444 atque
900 1364 954 1438 ita,
979 1385 1041 1426 non
1058 1375 1092 1427 ut

116 1467 267 1551 ejusmodi
283 1478 440 1530 oratorem
454 1487 521 1530 esse
537 1464 638 1542 velim,
653 1467 708 1531 sed
723 1478 757 1530 ut
772 1466 909 1528 mimum.

158 1569 260 1644 LXII.
283 1569 394 1640 Quare
420 1571 553 1654 primum
579 1593 679 1654 genus
705 1571 778 1649 hoc,
814 1572 898 1652 quod
922 1571 1017 1634 risum
1042 1571 1090 1636 vel

117 1675 251 1738 maxime
268 1687 382 1751 movet,
398 1698 459 1742 non
475 1688 523 1741 est
538 1688 697 1752 nostrum3
719 1695 887 1752 morosum,
902 1676 1091 1759 superstitio

117 1797 195 1866 sum,
210 1777 425 1862 suspiciosum,
439 1779 618 1864 gloriosum,
630 1779 766 1843 stultum.
811 1780 841 1843 N
845 1791 942 1844 aturae
954 1781 1091 1858 ridentur

7 1887 14 1912 ’
119 1880 214 1964 ipsoe3
246 1903 323 1964 quas
348 1904 497 1968 personas
522 1885 641 1968 agitare
666 1884 813 1960 salernus,
841 1906 904 1947 non
931 1886 1091 1950 sustinere.

119 1984 259 2050 Alterum
272 2007 374 2070 genus
400 1999 448 2051 est
462 1988 635 2052 imitatione
651 1989 820 2052 admodum
837 1989 1011 2064 ridiculum,
1036 1990 1091 2054 sed
1167 2017 1172 2026 ·

118 2088 345 2155 nobistantum
362 2090 435 2154 licet
449 2091 564 2167 furtim,
589 2091 614 2154 si
639 2093 777 2174 quando,
803 2101 835 2155 et
849 2092 982 2168 cursim3
1004 2092 1092 2156 aliter

9 2207 10 2210 ’
120 2194 204 2260 enim
220 2196 346 2259 minime
361 2207 407 2258 est
420 2195 565 2260 liberale:
588 2197 722 2271 tertium,
746 2197 806 2259 oris
820 2198 1013 2280 depravatio,
1028 2219 1090 2260 noa

118 2299 216 2382 digna
227 2299 335 2362 nobis:
358 2310 512 2381 quartum,
527 2300 727 2376 obscoenitas,
743 2321 806 2362 non
828 2300 927 2364 soidm
946 2297 1009 2384 nori
1024 2301 1091 2365 soro

119 2403 226 2487 digna,
251 2403 305 2466 sed
321 2401 369 2464 vix
390 2403 531 2466 convivio
546 2403 722 2468 liberorum.
766 2404 923 2469 Detractis
938 2405 1030 2492 igitur
1046 2418 1092 2471 tot

119 2507 210 2570 rebus
225 2527 263 2572 ex
288 2505 349 2570 hoc
376 2507 511 2570 oratorio
537 2506 618 2584 loco,
640 2507 763 2572 facetiae
778 2509 904 2594 reliquae
919 2523 1001 2588 sunt,
1021 2532 1091 2597 quae

119 2610 213 2675 autin
223 2632 265 2687 re,
276 2621 310 2674 ut
322 2614 394 2676 ante
406 2610 504 2688 divisi,
515 2613 624 2695 positae
636 2614 778 2678 videntur
789 2636 869 2690 esse,
881 2616 974 2678 autin
985 2616 1090 2681 verbo.

121 2715 152 2780 N
155 2735 206 2778 am
221 2717 315 2796 quod,
330 2703 564 2798 quibuscunque
577 2716 676 2780 verbis
688 2716 809 2793 dixeris,
832 2717 969 2782 facetum
984 2730 1091 2784 tameo

119 2829 177 2896 cst,
193 2841 225 2884 re
240 2820 433 2884 continetur:
456 2821 537 2901 quod
553 2820 678 2883 mutatis
693 2820 792 2884 verbis
808 2820 905 2884 salem
922 2820 1045 2898 amittit,
1060 2821 1091 2886 in

120 2922 220 2988 verbis
236 2923 332 2988 habet
346 2923 485 3007 leporem
500 2943 636 2988 omnem.

145 3019 323 3112 'Ambigua
336 3038 408 3092 sunt
423 3025 453 3090 in
476 3027 580 3112 primis
596 3040 699 3105 acuta,
715 3039 809 3112 atque
824 3030 854 3094 in
870 3032 965 3097 verbo
981 3035 1092 3118 posita,

18 3207 31 3214 Ἴ,
121 3152 186 3194 non
211 3132 241 3194 in
258 3149 308 3194 re:
331 3131 385 3196 sed
401 3153 463 3196 non
480 3133 563 3215 saepe
580 3148 728 3217 magnum
753 3133 846 3198 risum
862 3150 1005 3202 movent:
1029 3161 1093 3204 ma·
1126 3137 1134 3154 ¹

122 3235 221 3319 gisut
236 3233 315 3298 belle
330 3245 362 3299 et
386 3234 507 3300 literate
521 3236 606 3300 dicta
631 3236 814 3302 laudantur:
836 3241 915 3304 utin
931 3242 1016 3306 illum
1041 3244 1094 3309 Ti·

122 3339 212 3415 tium,
224 3357 328 3422 quem,
343 3339 414 3402 odra
429 3341 565 3404 studiose
580 3339 642 3424 pila
653 3339 782 3419 luderet,
800 3353 833 3408 et
846 3344 929 3409 idern
941 3345 1032 3431 signa
1045 3369 1093 3412 sa·

124 3465 179 3510 cra
194 3453 289 3508 nocta
304 3440 446 3524 frangere
462 3455 631 3527 putaretur,
647 3446 862 3532 gregalesque,
873 3451 945 3514 edm
961 3449 992 3516 ia
1007 3472 1093 3517 cam·

123 3567 199 3635 pum
213 3567 277 3614 noo
292 3543 435 3624 venisset,
457 3548 656 3630 requirerent,
678 3550 837 3617 excusavit
850 3551 955 3640 Vespa
974 3555 1091 3620 Tereo·

590 3660 627 3717 13
