2466 3966
155 79 215 160 {76
380 115 424 160 us
440 112 593 160 carrona
617 73 717 158 irena
738 101 920 158 susurrans.

150 278 248 342 quem
274 279 337 350 ego
363 258 460 342 paulo
474 259 627 338 sciebam,
653 258 703 322 vel
729 255 910 341 pu'dentirls,
935 255 986 322 vel
1012 256 1150 334 invitiris,

154 360 245 441 (nolo
257 361 342 440 euim
357 361 464 426 dicere
476 360 517 425 de
532 370 599 424 tam
616 360 704 424 suavi
719 359 860 435 homine,
875 357 1091 442 fastidiosius)
1108 359 1150 422 ad

152 463 215 527 hoc
230 483 330 547 genus
356 462 510 527 sermonis
526 462 693 527 accedere·
739 460 829 531 Quid
854 458 939 524 enim
962 459 1080 542 poterit
1105 460 1150 522 di·
1206 487 1218 498 ·-

153 563 252 628 cere‘l
275 563 476 630 consularem
502 584 537 627 se
552 583 621 628 esse
647 562 811 627 homiuem
826 571 859 625 et
873 559 1076 625 censoriuml
1098 579 1151 623 ea·

152 665 226 744 dem
239 675 348 729 nostra
360 685 460 729 causa
471 673 528 728 est
573 662 623 726 An
637 672 767 726 aetatern
780 661 914 726 afferetl
939 659 1149 742 quadriennio

152 765 255 830 minor
270 775 328 830 est.
372 765 422 828 An
439 785 473 828 se
499 757 645 827 nescirel
667 783 739 844 quae
758 783 820 845 ego
835 765 917 844 sero,
932 782 1004 842 quae
1020 761 1148 838 cursim,

154 867 281 951 arripui,
306 887 377 948 quae
392 865 554 928 subsicivis
581 863 695 946 operis,
719 865 769 944 (ut
784 863 896 946 aiunt,)
923 863 1018 926 istea
1041 883 1150 946 puero,

152 987 278 1032 summo
294 967 411 1040 studio,
436 965 565 1028 summis
586 965 780 1030 doctoribus.
825 964 912 1028 Nihil
927 963 1034 1028 dicam
1045 963 1091 1027 'de
1106 964 1152 1027 in·

153 1068 260 1151 genio,
287 1068 339 1130 cui
354 1087 413 1149 par
428 1086 523 1128 nemo
535 1064 610 1128 suit:
634 1065 752 1130 etenim
774 1085 825 1128 me
842 1065 1003 1128 dicentem
1020 1065 1074 1145 qui
1097 1086 1151 1128 au·

154 1168 257 1244 dierit,
269 1188 365 1231 nemo
381 1187 522 1249 unquam
537 1176 604 1228 tam
618 1167 667 1228 sui
682 1166 862 1247 despiciens
874 1165 942 1241 fuit,
953 1165 1030 1247 quin
1045 1185 1152 1248 spera·

154 1279 202 1334 ret
215 1281 270 1333 aut
283 1269 404 1344 melius,
416 1278 471 1332 aut
483 1268 598 1332 eodem
614 1267 721 1343 modo,
734 1287 768 1330 se
781 1288 875 1349 posse
885 1268 1011 1330 dicere:
1034 1265 1155 1356 Crasso

155 1371 294 1448 dicente,
321 1391 416 1434 nemo
431 1380 498 1432 tam
522 1389 685 1452 arrogans,
711 1367 764 1449 qui
780 1369 920 1431 similiter
946 1389 981 1434 se
1007 1388 1152 1450 unquam

153 1474 312 1538 dicturum
334 1493 403 1536 esse
426 1471 611 1534 confideret.
656 1468 892 1545 Quamobrem,
919 1491 959 1532 ne
984 1468 1098 1534 srustrd
1119 1469 1152 1532 hi

155 1574 237 1638 tales
252 1575 308 1637 viri
323 1572 477 1647 venerint,
492 1582 524 1634 te
541 1570 723 1652 aliquapdo,
739 1568 865 1646 Crasse,
881 1571 1057 1636 audiamus.

197 1675 267 1737 XC.
290 1674 376 1736 Tum
392 1673 453 1747 ille,
469 1671 567 1734 Utita
582 1672 642 1736 ista
658 1691 727 1734 esse
744 1673 934 1746 concedam,
958 1672 1071 1751 inquit,
1086 1671 1151 1734 An·

154 1776 233 1850 toni,
254 1783 413 1856 quaesunt
429 1772 523 1855 longe
539 1792 641 1848 secus,
664 1772 739 1854 quid
755 1771 830 1836 milri
847 1783 880 1835 tu
896 1773 1030 1836 tandem
1045 1772 1152 1848 bodie,

156 1886 211 1938 aut
225 1875 375 1956 cuiquam
392 1874 521 1949 homini,
533 1874 620 1955 quod
633 1875 695 1937 dici
711 1873 820 1957 possit,
835 1873 1009 1956 reliquisti?
1033 1871 1151 1938 Dicam
1207 1903 1209 1908 v

155 1977 239 2042 euim
256 1979 338 2053 verb,
354 1974 533 2039 amicissimi
550 1975 705 2051 homines,
730 1975 815 2055 quod
832 1976 953 2038 sentio:
976 1978 1061 2058 saepe
1088 1996 1153 2059 ego

155 2078 268 2143 doctos
283 2079 439 2153 homines,
461 2077 537 2161 quid
553 2077 627 2140 dico
650 2077 760 2158 seper
784 2077 881 2158 immo
893 2095 1151 2157 nonnunquam:
1212 2159 1216 2163 ῃ

48 2207 51 2212 ·
154 2184 239 2264 saepe
254 2179 339 2245 enim
354 2180 409 2262 qui
424 2179 524 2261 potui,
539 2179 591 2260 qui
609 2199 686 2260 puer
702 2178 733 2240 in
749 2177 852 2241 forum
867 2179 1152 2264 venerim,·neque

154 2284 228 2347 inde
244 2303 385 2363 unquam
407 2281 534 2356 diutius,
557 2283 651 2362 quem
668 2290 806 2361 quaestor
831 2279 1010 2344 abluerim'i
1033 2281 1089 2344 sed
1105 2291 1153 2344 ta·

155 2405 229 2447 men
243 2383 357 2458 audivi,
373 2394 408 2445 ut
420 2383 488 2446 heri
500 2382 661 2459 dicebam,
672 2392 704 2446 ct
718 2382 852 2445 Athenis
865 2384 939 2444 edm
951 2401 1066 2458 essem,
1075 2382 1153 2446 doc·

155 2485 292 2547 tissimos
307 2483 398 2558 viros,
414 2496 447 2546 et
461 2485 493 2546 in
508 2477 585 2546 Asici
604 2484 697 2546 istum
725 2484 828 2566 ipsum
845 2482 1014 2566 Scepsium
1031 2483 1153 2548 Metro·

154 2574 278 2660 dorum,
305 2587 377 2648 crim
400 2585 441 2648 de
467 2585 514 2648 his
529 2585 603 2667 ipsis
618 2585 711 2648 rebus
725 2586 920 2668 disputaret:
943 2604 1048 2664 neque
1075 2587 1152 2648 verd

154 2687 231 2750 mibi
246 2685 411 2768 quisquam
440 2687 598 2769 copiosius
613 2707 753 2767 unquam
769 2687 851 2749 visus
863 2696 936 2776 est:
959 2705 1064 2766 neque
1079 2685 1153 2748 sub·

86 2806 90 2813 ’
154 2789 246 2866 tilius,
258 2789 290 2853 in
306 2789 367 2853 hoc
379 2810 497 2872 genere
510 2787 648 2864 dicendi,
659 2791 756 2871 quam
772 2789 830 2852 istc
842 2788 948 2863 hodie,
960 2807 1030 2851 esse
1046 2807 1154 2850 versa·

154 2881 215 2956 tus.¹
251 2891 351 2960 Quod
368 2891 394 2953 si
408 2881 493 2954 esset
508 2891 608 2966 aliter,
620 2900 653 2954 et
669 2889 786 2971 aliquid
802 2888 1011 2972 intelligerem
1028 2887 1069 2952 ab
1085 2888 1153 2952 An·

154 2991 243 3057 tenio
256 2991 509 3074 praetermissum,
525 3012 588 3054 non
604 3013 706 3056 essem
722 3003 789 3055 tarn
804 2991 988 3066 inurbanus,
1000 3009 1040 3052 ao
1056 3009 1152 3072 paeue

154 3092 356 3169 inhumanus,
381 3095 428 3155 uti
444 3113 484 3156 eo
499 3106 659 3176 gravarer,
682 3093 768 3173 quod
784 3113 839 3157 vos
855 3111 973 3174 cupere
988 3089 1152 3156 sentirem.

154 3189 240 3258 Tum
257 3192 428 3277 Sulpicius,
442 3195 493 3258 An
509 3215 597 3278 ergo,
624 3194 735 3274 iuquit,
750 3193 865 3256 oblitus
881 3213 926 3271 es,
942 3192 1069 3267 Crasse,
1085 3193 1153 3256 An·
1216 3181 1218 3190 ⁴

154 3294 277 3360 tunium
304 3295 348 3359 ita
363 3296 514 3379 partitum
530 3317 599 3360 esre
615 3305 733 3369 tecum,
758 3305 793 3357 ut
819 3295 1153 3379 ipse'instrumentum

155 3397 288 3461 oratoris
303 3406 489 3481 exponeret,
508 3397 566 3459 tibi
591 3396 658 3481 ejus
673 3394 912 3460 distinctionem
935 3406 1030 3476 atque
1057 3415 1155 3474 orua-

155 3506 224 3562 tum
237 3497 449 3581 relinqueret?
472 3496 538 3562 Hic
563 3497 625 3573 ille,
648 3496 802 3574 Primum,
827 3497 897 3579 quis
914 3496 1055 3562 Antonio
1080 3517 1154 3582 per·
