2466 3966
117 83 157 138 96
243 58 245 69 ’
344 97 387 141 uu
412 95 563 138 oanuoau
580 95 679 140 uruun
703 95 886 140 sueonoua.

117 249 212 316 sunt3
232 239 325 304 facile
352 259 464 302 omnes
479 238 640 322 perpetior
660 251 693 304 et
710 241 861 323 perfero:
885 259 960 302 nam
978 251 1033 304 aut
1060 240 1121 304 ali-

56 375 84 418 ῃ
118 341 353 444 qqidafferunt,
364 341 448 432 qued
465 339 541 402 mrln
552 361 617 404 non
632 341 823 423 displiceat
842 352 897 404 aut
909 341 1063 416 effimunt,
1080 353 1120 406 ut
1150 376 1158 382 -
1186 333 1189 338 ¹

42 433 56 450 ⁴
119 457 251 512 menon
278 419 425 506 didicisse
452 443 555 504 minda
575 442 747 540 poeuiteat:
770 443 896 512 dimitto
923 453 1031 506 autam
1058 463 1120 506 eos

119 558 184 608 non
200 555 267 608 tam
285 543 526 618 contumeliose,
552 545 646 624 quam
663 544 887 626 philosophum
914 544 1000 606 illum
1027 543 1121 606 Han·

119 646 224 722 nibal3
246 657 279 708 et
294 647 334 709 ed
350 645 568 728 sortasseplus
589 645 695 708 habeo
710 644 808 708 etiarn
834 647 973 730 negotii:
997 645 1053 708 aed
1070 658 1121 708 ta·

120 769 194 812 men
206 760 255 811 est
270 767 382 812 eorum
396 735 554 822 doctrina,
574 757 729 826 quantum
746 767 807 830 ego
819 747 962 859 judicare
978 767 1123 829 possum,

120 849 321 962 perridicula.
366 848 519 912 Dividunt
533 849 619 910 enim
641 859 744 912 totam
759 870 825 911 rem
842 849 971 911 induas
998 859 1121 930 partes,

120 952 152 1014 in
168 971 274 1014 causae
289 949 549 1025 controversiam,
564 960 597 1012 et
613 949 642 1012 in
645 949 849 1070 κιιιιῗινειίοιιιιι
895 952 1037 1012 Causam
1061 971 1120 1032 ap·

101 1069 113 1094 “·
121 1053 242 1136 pellant
267 1072 334 1114 rem
351 1051 488 1133 positam
504 1052 535 1114 iu
562 1011 796 1134 disceptaliorie
814 1073 918 1116 rerum
945 1065 977 1116 et
993 1063 1123 1116 contro·

121 1153 241 1228 versia3
263 1153 472 1234 quaestionem
488 1163 606 1228 autem,
631 1174 699 1216 rem
714 1155 852 1237 positam
875 1156 906 1216 in
922 1154 1044 1237 infinita
1063 1155 1124 1217 du·

122 1256 287 1322 bitatione.
333 1255 383 1318 De
402 1255 499 1324 cause
525 1266 689 1338 praecepta
713 1257 813 1332 dant;
834 1259 875 1319 de
902 1256 1002 1320 altaris
1027 1271 1123 1338 parte

123 1358 236 1421 mirum
263 1357 422 1420 silentium
439 1367 496 1421 est.
543 1356 688 1438 Denique
715 1358 854 1440 quinque
880 1357 1000 1420 faciunt
1027 1358 1123 1439 quasi

99 1540 103 1552 ι
124 1461 268 1526 membra
285 1461 487 1540 eloquentiae,
509 1459 650 1522 invenire
666 1459 741 1540 quid
757 1460 857 1535 dicas,
872 1460 1001 1523 inventa
1017 1460 1124 1542 dispo·

124 1585 212 1638 nere,
226 1564 342 1626 deinde
352 1585 468 1642 ornare
480 1562 593 1636 verbis,
608 1563 680 1644 post
695 1563 856 1624 memoriae
872 1561 1037 1636 mandore,
1053 1574 1121 1624 turn

126 1665 167 1726 ad
183 1668 358 1726 extremum
388 1685 483 1745 agere
500 1683 539 1724 ac
563 1663 786 1744 pronuntiare:
809 1683 876 1728 rem
892 1666 969 1727 sane
996 1685 1060 1725 non
1077 1685 1124 1726 re·

126 1731 300 1834 conriitam.
347 1765 430 1832 uuis
454 1763 539 1828 enim
555 1765 617 1826 hoc
632 1785 695 1826 non
712 1764 768 1826 anai
791 1777 905 1847 sponte
922 1766 1043 1840 viderit,
1070 1787 1124 1829 ne·

127 1863 247 1930 minem
259 1887 352 1948 posse
368 1865 484 1940 dicere,
510 1866 568 1928 nisi
584 1875 615 1928 et
631 1866 706 1946 quid
722 1865 853 1943 diceret,
865 1879 900 1930 et
916 1869 1029 1949 quibus
1056 1889 1124 1931 ver·
1147 1885 1148 1888 ’

127 1970 187 2044 bis,
211 1979 243 2032 et
265 1989 329 2048 quo
346 1968 455 2030 ordine
471 1968 602 2042 diceret,
628 1969 773 2042 haberet,
794 1980 827 2032 et
841 1991 882 2032 ea
905 1969 1124 2033 meminisset?

30 2062 36 2075 ’
128 2073 235 2152 Atque
251 2072 395 2152 haecago
412 2091 475 2132 non
492 2069 709 2151 reprehendo
721 2070 788 2132 sed
802 2083 877 2133 ante
894 2073 1003 2134 oculos
1020 2085 1124 2152 posita
1220 2149 1221 2158 ἵ

129 2196 199 2242 esse
225 2175 309 2271 dico,
337 2186 370 2236 ut
386 2195 441 2236 eas
457 2171 532 2234 itam
549 2185 696 2254 quatuor,
722 2172 871 2252 quinque,
897 2195 990 2276 seque
997 2185 1125 2279 partes,

12 2271 26 2278 ”
129 2265 287 2343 ueletiam
304 2293 427 2359 septem
445 2276 609 2355 (quoniam
628 2275 717 2338 aliter
733 2275 774 2336 ab
790 2274 857 2338 aliis
873 2243 1099 2358 digeruntur)
1093 2298 1123 2338 m

130 2391 271 2461 quaeest
298 2381 339 2441 ab
355 2378 402 2440 his
418 2377 520 2438 omnis
547 2377 648 2438 oratio
675 2375 852 2438 distributa.
897 2371 1016 2440 Jubent
1039 2377 1122 2439 onim

26 2533 28 2536 .
131 2480 267 2544 exordiri
283 2480 338 2553 ita,
350 2489 385 2540 ut
400 2497 484 2552 eum,
499 2476 552 2556 qui
568 2477 688 2552 audiat,
709 2479 896 2541 benevolum
921 2480 1012 2542 nobis
1029 2477 1125 2542 facia·

85 2575 88 2579 ’
131 2600 211 2656 mus,
236 2592 269 2644 et
283 2579 432 2654 docilem,
448 2592 479 2642 et
497 2589 673 2642 attentum:
696 2579 812 2644 deinde
834 2603 899 2650 rem
917 2603 1056 2656 narrare,
1080 2581 1124 2645 ita

131 2693 166 2746 ut
187 2681 361 2746 verisimilis
373 2681 512 2774 narratio
528 2679 577 2756 sit,
604 2697 637 2743 ut
653 2693 775 2764 aperta,
789 2694 823 2746 ut
839 2683 961 2747 brevis:
984 2685 1057 2766 post
1073 2705 1125 2748 au·

131 2797 197 2850 tem
212 2787 352 2850 dividere
366 2805 509 2858 causam,
524 2794 580 2846 aut
593 2803 789 2868 proponere:
813 2797 919 2850 nostra
936 2787 1124 2850 confirmare

132 2888 327 2970 argumentis
353 2911 393 2950 ao
419 2885 612 2950 rationibus:
638 2887 756 2950 deinde
782 2889 941 2951 contraria
970 2889 1124 2953 refutare:

131 3001 198 3054 turn
215 3004 321 3054 autum
340 2989 390 3052 alii
405 2988 647 3053 conclusionem
662 2989 824 3064 oraticula,
848 3001 880 3052 et
895 2991 985 3069 quasi
1001 3011 1124 3074 perora·

131 3095 251 3155 tionem
268 3092 447 3154 collocant:
472 3090 524 3153 alii
545 3091 670 3174 jubent,
688 3101 860 3170 antequam
879 3103 1054 3174 peraretur,
1080 3115 1125 3162 or·

130 3194 229 3258 nandi
256 3205 311 3256 aut
326 3194 464 3276 augendi
480 3193 587 3268 causi,
613 3192 757 3276 digredi3
779 3193 897 3256 deinde
923 3195 1124 3270 concludere,
1220 3221 1221 3226 ¹

132 3315 172 3362 ae
196 3316 353 3379 perorare.
399 3293 450 3356 Ne
467 3295 535 3358 haec
551 3297 680 3374 quidem
703 3295 920 3378 reprehendo:
943 3311 1016 3363 sunt
1042 3301 1122 3364 enim

132 3397 289 3478 concinne
313 3395 502 3459 distributa:
521 3398 576 3460 sed
604 3409 725 3473 tamen,
747 3397 794 3478 (id
809 3399 895 3479 quod
912 3420 1044 3478 neeesse
1071 3400 1123 3466 luit

132 3499 311 3568 haminibus
327 3499 514 3582 expertibus
525 3499 677 3582 veritatis)
704 3519 768 3562 non
785 3501 923 3584 paritet!
941 3501 1027 3572 Quae
1043 3504 1122 3567 enirn
