<?xml version="1.0" encoding="UTF-8"?>
<!DOCTYPE html PUBLIC "-//W3C//DTD XHTML 1.0 Transitional//EN"
    "http://www.w3.org/TR/xhtml1/DTD/xhtml1-transitional.dtd">
<html xmlns="http://www.w3.org/1999/xhtml" xml:lang="en" lang="en">
 <head>
  <title>
</title>
<meta http-equiv="Content-Type" content="text/html;charset=utf-8" />
  <meta name='ocr-system' content='tesseract 3.04.00' />
  <meta name='ocr-capabilities' content='ocr_page ocr_carea ocr_par ocr_line ocrx_word'/>
</head>
<body>
  <div class='ocr_page' id='page_1' title='image "./mtuliiciceronis01cicegoog/mtuliiciceronis01cicegoog_0246.png"; bbox 0 0 2458 3972; ppageno 0'>
   <div class='ocr_carea' id='block_1_1' title="bbox 356 175 1100 243">
    <p class='ocr_par' dir='ltr' id='par_1_1' title="bbox 356 175 1100 243">
     <span class='ocr_line' id='line_1_1' title="bbox 356 175 1100 243; baseline -0.005 -5"><span class='ocrx_word' id='word_1_1' title='bbox 356 195 401 238; x_wconf 81' lang='lat' dir='ltr'>ue</span> <span class='ocrx_word' id='word_1_2' title='bbox 422 191 572 243; x_wconf 71' lang='lat' dir='ltr'>cainone</span> <span class='ocrx_word' id='word_1_3' title='bbox 597 175 693 236; x_wconf 81' lang='lat' dir='ltr'>nte&#39;sa</span> <span class='ocrx_word' id='word_1_4' title='bbox 718 187 867 238; x_wconf 80' lang='lat' dir='ltr'>nannius.</span> <span class='ocrx_word' id='word_1_5' title='bbox 1039 175 1100 234; x_wconf 73' lang='grc'>933</span> 
     </span>
    </p>
   </div>
   <div class='ocr_carea' id='block_1_2' title="bbox 85 335 1107 2818">
    <p class='ocr_par' dir='ltr' id='par_1_2' title="bbox 85 335 1107 2818">
     <span class='ocr_line' id='line_1_2' title="bbox 122 335 1100 425; baseline -0.003 -17"><span class='ocrx_word' id='word_1_6' title='bbox 122 341 207 408; x_wconf 88' lang='lat' dir='ltr'>enim</span> <span class='ocrx_word' id='word_1_7' title='bbox 224 351 281 405; x_wconf 66' lang='grc' dir='ltr'>ωιῑ</span> <span class='ocrx_word' id='word_1_8' title='bbox 293 353 364 406; x_wconf 81' lang='lat' dir='ltr'>tres</span> <span class='ocrx_word' id='word_1_9' title='bbox 380 353 451 406; x_wconf 85' lang='lat' dir='ltr'>sunt</span> <span class='ocrx_word' id='word_1_10' title='bbox 466 341 528 408; x_wconf 76' lang='lat' dir='ltr'>fere</span> <span class='ocrx_word' id='word_1_11' title='bbox 541 341 669 406; x_wconf 77' lang='lat' dir='ltr'><strong>extremi</strong></span> <span class='ocrx_word' id='word_1_12' title='bbox 685 338 828 406; x_wconf 83' lang='lat' dir='ltr'>servandi</span> <span class='ocrx_word' id='word_1_13' title='bbox 844 352 875 406; x_wconf 89' lang='lat' dir='ltr'>et</span> <span class='ocrx_word' id='word_1_14' title='bbox 890 335 1022 406; x_wconf 86' lang='lat' dir='ltr'>notandi</span> <span class='ocrx_word' id='word_1_15' title='bbox 1047 355 1100 425; x_wconf 84' lang='lat' dir='ltr'>pe·</span> 
     </span>
     <span class='ocr_line' id='line_1_3' title="bbox 123 445 1101 530; baseline -0.001 -20"><span class='ocrx_word' id='word_1_16' title='bbox 123 447 191 524; x_wconf 84' lang='lat' dir='ltr'>des,</span> <span class='ocrx_word' id='word_1_17' title='bbox 216 445 242 509; x_wconf 89' lang='lat' dir='ltr'>si</span> <span class='ocrx_word' id='word_1_18' title='bbox 258 447 353 510; x_wconf 77' lang='lat' dir='ltr'>modo</span> <span class='ocrx_word' id='word_1_19' title='bbox 368 467 431 510; x_wconf 91' lang='lat' dir='ltr'>non</span> <span class='ocrx_word' id='word_1_20' title='bbox 446 445 587 510; x_wconf 81' lang='lat' dir='ltr'>breviora</span> <span class='ocrx_word' id='word_1_21' title='bbox 604 457 634 510; x_wconf 89' lang='lat' dir='ltr'>et</span> <span class='ocrx_word' id='word_1_22' title='bbox 661 447 791 530; x_wconf 79' lang='lat' dir='ltr'>ptaecise</span> <span class='ocrx_word' id='word_1_23' title='bbox 806 459 896 510; x_wconf 82' lang='lat' dir='ltr'>erunt</span> <span class='ocrx_word' id='word_1_24' title='bbox 921 445 1101 529; x_wconf 79' lang='lat' dir='ltr'>superiora3</span> 
     </span>
     <span class='ocr_line' id='line_1_4' title="bbox 123 549 1099 633; baseline 0 -19"><span class='ocrx_word' id='word_1_25' title='bbox 123 551 203 632; x_wconf 90' lang='lat' dir='ltr'>quos</span> <span class='ocrx_word' id='word_1_26' title='bbox 220 561 273 614; x_wconf 88' lang='lat' dir='ltr'>aut</span> <span class='ocrx_word' id='word_1_27' title='bbox 288 549 430 626; x_wconf 83' lang='lat' dir='ltr'>choreus,</span> <span class='ocrx_word' id='word_1_28' title='bbox 453 561 508 614; x_wconf 86' lang='lat' dir='ltr'>aut</span> <span class='ocrx_word' id='word_1_29' title='bbox 523 549 644 626; x_wconf 64' lang='lat' dir='ltr'>heroon,</span> <span class='ocrx_word' id='word_1_30' title='bbox 671 558 724 614; x_wconf 89' lang='lat' dir='ltr'>aut</span> <span class='ocrx_word' id='word_1_31' title='bbox 741 549 877 614; x_wconf 82' lang='lat' dir='ltr'>alternos</span> <span class='ocrx_word' id='word_1_32' title='bbox 892 571 960 613; x_wconf 86' lang='lat' dir='ltr'>esse</span> <span class='ocrx_word' id='word_1_33' title='bbox 976 561 1099 633; x_wconf 88' lang='lat' dir='ltr'>oporte-</span> 
     </span>
     <span class='ocr_line' id='line_1_5' title="bbox 123 651 1099 746; baseline -0.001 -28"><span class='ocrx_word' id='word_1_34' title='bbox 123 653 180 730; x_wconf 89' lang='lat' dir='ltr'>bit,</span> <span class='ocrx_word' id='word_1_35' title='bbox 195 663 249 718; x_wconf 85' lang='lat' dir='ltr'>aut</span> <span class='ocrx_word' id='word_1_36' title='bbox 265 653 295 718; x_wconf 93' lang='lat' dir='ltr'>in</span> <span class='ocrx_word' id='word_1_37' title='bbox 311 675 422 738; x_wconf 84' lang='lat' dir='ltr'>paeone</span> <span class='ocrx_word' id='word_1_38' title='bbox 438 651 490 718; x_wconf 83' lang='lat' dir='ltr'>iilo</span> <span class='ocrx_word' id='word_1_39' title='bbox 512 655 692 738; x_wconf 74' lang='lat' dir='ltr'>posteriore,</span> <span class='ocrx_word' id='word_1_40' title='bbox 714 675 808 738; x_wconf 91' lang='lat' dir='ltr'>quem</span> <span class='ocrx_word' id='word_1_41' title='bbox 834 653 1015 746; x_wconf 75' lang='lat' dir='ltr'>Aristoteles</span> <span class='ocrx_word' id='word_1_42' title='bbox 1031 672 1099 738; x_wconf 87' lang='lat' dir='ltr'>pro·</span> 
     </span>
     <span class='ocr_line' id='line_1_6' title="bbox 123 756 1107 841; baseline 0 -19"><span class='ocrx_word' id='word_1_43' title='bbox 123 758 190 834; x_wconf 82' lang='lat' dir='ltr'>bnt,</span> <span class='ocrx_word' id='word_1_44' title='bbox 207 763 261 822; x_wconf 85' lang='lat' dir='ltr'>aut</span> <span class='ocrx_word' id='word_1_45' title='bbox 276 758 310 822; x_wconf 91' lang='lat' dir='ltr'>ei</span> <span class='ocrx_word' id='word_1_46' title='bbox 320 758 386 841; x_wconf 86' lang='lat' dir='ltr'>pari</span> <span class='ocrx_word' id='word_1_47' title='bbox 398 758 525 823; x_wconf 85' lang='lat' dir='ltr'>cretico.</span> <span class='ocrx_word' id='word_1_48' title='bbox 570 759 694 822; x_wconf 84' lang='lat' dir='ltr'>Horum</span> <span class='ocrx_word' id='word_1_49' title='bbox 713 758 936 822; x_wconf 84' lang='lat' dir='ltr'>vicissitudines</span> <span class='ocrx_word' id='word_1_50' title='bbox 951 756 1107 834; x_wconf 48' lang='lat' dir='ltr'>efficient,¹</span> 
     </span>
     <span class='ocr_line' id='line_1_7' title="bbox 123 859 1098 946; baseline -0.002 -20"><span class='ocrx_word' id='word_1_51' title='bbox 123 874 158 926; x_wconf 90' lang='lat' dir='ltr'>ut</span> <span class='ocrx_word' id='word_1_52' title='bbox 174 884 276 946; x_wconf 89' lang='lat' dir='ltr'>neque</span> <span class='ocrx_word' id='word_1_53' title='bbox 292 861 311 926; x_wconf 93' lang='lat' dir='ltr'>ii</span> <span class='ocrx_word' id='word_1_54' title='bbox 327 863 488 939; x_wconf 84' lang='lat' dir='ltr'>satientur,</span> <span class='ocrx_word' id='word_1_55' title='bbox 513 861 565 946; x_wconf 90' lang='lat' dir='ltr'>qui</span> <span class='ocrx_word' id='word_1_56' title='bbox 581 863 719 940; x_wconf 83' lang='lat' dir='ltr'>audient,</span> <span class='ocrx_word' id='word_1_57' title='bbox 745 863 868 927; x_wconf 79' lang='lat' dir='ltr'>fastidio</span> <span class='ocrx_word' id='word_1_58' title='bbox 884 859 1098 939; x_wconf 85' lang='lat' dir='ltr'>similitudinis,</span> 
     </span>
     <span class='ocr_line' id='line_1_8' title="bbox 124 965 1098 1049; baseline -0.001 -20"><span class='ocrx_word' id='word_1_59' title='bbox 124 987 184 1030; x_wconf 82' lang='lat' dir='ltr'>neo</span> <span class='ocrx_word' id='word_1_60' title='bbox 200 988 257 1028; x_wconf 91' lang='lat' dir='ltr'>nos</span> <span class='ocrx_word' id='word_1_61' title='bbox 272 965 314 1042; x_wconf 89' lang='lat' dir='ltr'>id,</span> <span class='ocrx_word' id='word_1_62' title='bbox 336 967 420 1049; x_wconf 92' lang='lat' dir='ltr'>quod</span> <span class='ocrx_word' id='word_1_63' title='bbox 446 966 606 1042; x_wconf 82' lang='lat' dir='ltr'>faciemus,</span> <span class='ocrx_word' id='word_1_64' title='bbox 632 966 727 1048; x_wconf 76' lang='lat' dir='ltr'>operti</span> <span class='ocrx_word' id='word_1_65' title='bbox 742 967 847 1031; x_wconf 68' lang='lat' dir='ltr'>dedite</span> <span class='ocrx_word' id='word_1_66' title='bbox 872 967 977 1031; x_wconf 80' lang='lat' dir='ltr'>iacere</span> <span class='ocrx_word' id='word_1_67' title='bbox 996 965 1098 1029; x_wconf 87' lang='lat' dir='ltr'>videa·</span> 
     </span>
     <span class='ocr_line' id='line_1_9' title="bbox 124 1068 1098 1155; baseline 0 -21"><span class='ocrx_word' id='word_1_68' title='bbox 124 1091 203 1134; x_wconf 75' lang='lat' dir='ltr'>ntur.</span> <span class='ocrx_word' id='word_1_69' title='bbox 247 1070 565 1154; x_wconf 61' lang='lat' dir='ltr'>Quodsi&#39;nntipater</span> <span class='ocrx_word' id='word_1_70' title='bbox 581 1068 630 1133; x_wconf 85' lang='lat' dir='ltr'>ille</span> <span class='ocrx_word' id='word_1_71' title='bbox 647 1069 803 1148; x_wconf 86' lang='lat' dir='ltr'>Sidonius,</span> <span class='ocrx_word' id='word_1_72' title='bbox 825 1092 920 1155; x_wconf 85' lang='lat' dir='ltr'>quern</span> <span class='ocrx_word' id='word_1_73' title='bbox 934 1083 967 1136; x_wconf 91' lang='lat' dir='ltr'>tn</span> <span class='ocrx_word' id='word_1_74' title='bbox 990 1071 1098 1155; x_wconf 75' lang='lat' dir='ltr'>probe,</span> 
     </span>
     <span class='ocr_line' id='line_1_10' title="bbox 125 1173 1098 1252; baseline 0 -14"><span class='ocrx_word' id='word_1_75' title='bbox 125 1173 250 1252; x_wconf 69' lang='lat' dir='ltr'>Gemite,</span> <span class='ocrx_word' id='word_1_76' title='bbox 265 1173 440 1250; x_wconf 79' lang='lat' dir='ltr'>meministi,</span> <span class='ocrx_word' id='word_1_77' title='bbox 453 1173 572 1236; x_wconf 74' lang='lat' dir='ltr'>somus</span> <span class='ocrx_word' id='word_1_78' title='bbox 592 1188 642 1238; x_wconf 68' lang='lat' dir='ltr'>&#39;est</span> <span class='ocrx_word' id='word_1_79' title='bbox 664 1194 769 1237; x_wconf 84' lang='lat' dir='ltr'>versus</span> <span class='ocrx_word' id='word_1_80' title='bbox 790 1175 988 1246; x_wconf 83' lang='lat' dir='ltr'>hexametros</span> <span class='ocrx_word' id='word_1_81' title='bbox 1010 1174 1098 1239; x_wconf 80' lang='lat' dir='ltr'>alios·</span> 
     </span>
     <span class='ocr_line' id='line_1_11' title="bbox 124 1277 1098 1363; baseline 0.001 -20"><span class='ocrx_word' id='word_1_82' title='bbox 124 1295 185 1360; x_wconf 86' lang='lat' dir='ltr'>que</span> <span class='ocrx_word' id='word_1_83' title='bbox 204 1278 297 1342; x_wconf 75' lang='lat' dir='ltr'>uariis</span> <span class='ocrx_word' id='word_1_84' title='bbox 324 1278 423 1340; x_wconf 88' lang='lat' dir='ltr'>modis</span> <span class='ocrx_word' id='word_1_85' title='bbox 446 1288 540 1359; x_wconf 89' lang='lat' dir='ltr'>atque</span> <span class='ocrx_word' id='word_1_86' title='bbox 566 1277 703 1340; x_wconf 80' lang='lat' dir='ltr'>numetis·</span> <span class='ocrx_word' id='word_1_87' title='bbox 726 1277 856 1342; x_wconf 85' lang='lat' dir='ltr'>fundere</span> <span class='ocrx_word' id='word_1_88' title='bbox 881 1301 919 1343; x_wconf 80' lang='lat' dir='ltr'>ex</span> <span class='ocrx_word' id='word_1_89' title='bbox 945 1290 1098 1363; x_wconf 84' lang='lat' dir='ltr'>tempore,</span> 
     </span>
     <span class='ocr_line' id='line_1_12' title="bbox 123 1380 1096 1465; baseline 0 -19"><span class='ocrx_word' id='word_1_90' title='bbox 123 1394 310 1465; x_wconf 86' lang='lat' dir='ltr'>tantumque</span> <span class='ocrx_word' id='word_1_91' title='bbox 327 1382 459 1445; x_wconf 91' lang='lat' dir='ltr'>hominis</span> <span class='ocrx_word' id='word_1_92' title='bbox 474 1380 639 1464; x_wconf 84' lang='lat' dir='ltr'>ingeniosi</span> <span class='ocrx_word' id='word_1_93' title='bbox 650 1403 688 1444; x_wconf 86' lang='lat' dir='ltr'>ao</span> <span class='ocrx_word' id='word_1_94' title='bbox 712 1381 857 1445; x_wconf 84' lang='lat' dir='ltr'>memoris</span> <span class='ocrx_word' id='word_1_95' title='bbox 872 1383 968 1446; x_wconf 88' lang='lat' dir='ltr'>valuit</span> <span class='ocrx_word' id='word_1_96' title='bbox 982 1383 1096 1449; x_wconf 81' lang='lat' dir='ltr'>enerci-</span> 
     </span>
     <span class='ocr_line' id='line_1_13' title="bbox 123 1481 1097 1570; baseline 0.002 -20"><span class='ocrx_word' id='word_1_97' title='bbox 123 1487 213 1562; x_wconf 85' lang='lat' dir='ltr'>tetio‚</span> <span class='ocrx_word' id='word_1_98' title='bbox 227 1499 270 1562; x_wconf 83' lang='lat' dir='ltr'>ut,</span> <span class='ocrx_word' id='word_1_99' title='bbox 293 1488 364 1549; x_wconf 78' lang='lat' dir='ltr'>cum</span> <span class='ocrx_word' id='word_1_100' title='bbox 380 1507 413 1548; x_wconf 88' lang='lat' dir='ltr'>se</span> <span class='ocrx_word' id='word_1_101' title='bbox 430 1491 535 1548; x_wconf 83' lang='lat' dir='ltr'>mente</span> <span class='ocrx_word' id='word_1_102' title='bbox 551 1507 589 1548; x_wconf 88' lang='lat' dir='ltr'>ac</span> <span class='ocrx_word' id='word_1_103' title='bbox 605 1481 764 1549; x_wconf 78' lang='lat' dir='ltr'>voluntate</span> <span class='ocrx_word' id='word_1_104' title='bbox 780 1485 965 1570; x_wconf 86' lang='lat' dir='ltr'>conjecisset</span> <span class='ocrx_word' id='word_1_105' title='bbox 979 1485 1009 1548; x_wconf 92' lang='lat' dir='ltr'>in</span> <span class='ocrx_word' id='word_1_106' title='bbox 1032 1505 1097 1552; x_wconf 82' lang='lat' dir='ltr'>ver·</span> 
     </span>
     <span class='ocr_line' id='line_1_14' title="bbox 124 1583 1097 1673; baseline 0.001 -20"><span class='ocrx_word' id='word_1_107' title='bbox 124 1611 205 1666; x_wconf 85' lang='lat' dir='ltr'>sum,</span> <span class='ocrx_word' id='word_1_108' title='bbox 227 1590 321 1653; x_wconf 87' lang='lat' dir='ltr'>verba</span> <span class='ocrx_word' id='word_1_109' title='bbox 333 1599 553 1671; x_wconf 83' lang='lat' dir='ltr'>sequerentut3</span> <span class='ocrx_word' id='word_1_110' title='bbox 573 1583 737 1673; x_wconf 79' lang='lat' dir='ltr'>quanttiid</span> <span class='ocrx_word' id='word_1_111' title='bbox 754 1589 873 1653; x_wconf 78' lang='lat' dir='ltr'>facilius</span> <span class='ocrx_word' id='word_1_112' title='bbox 899 1591 928 1653; x_wconf 90' lang='lat' dir='ltr'>in</span> <span class='ocrx_word' id='word_1_113' title='bbox 945 1590 1097 1667; x_wconf 85' lang='lat' dir='ltr'>oratione,</span> 
     </span>
     <span class='ocr_line' id='line_1_15' title="bbox 124 1691 1095 1778; baseline -0.004 -18"><span class='ocrx_word' id='word_1_114' title='bbox 124 1692 349 1760; x_wconf 80' lang='lat' dir='ltr'>exercitatione</span> <span class='ocrx_word' id='word_1_115' title='bbox 375 1706 407 1756; x_wconf 89' lang='lat' dir='ltr'>et</span> <span class='ocrx_word' id='word_1_116' title='bbox 422 1695 647 1757; x_wconf 85' lang='lat' dir='ltr'>consuetudine</span> <span class='ocrx_word' id='word_1_117' title='bbox 674 1691 822 1770; x_wconf 69' lang='lat' dir='ltr'>adhibite,</span> <span class='ocrx_word' id='word_1_118' title='bbox 847 1693 1095 1778; x_wconf 71' lang='lat' dir='ltr'>consequemur?</span> 
     </span>
     <span class='ocr_line' id='line_1_16' title="bbox 85 1798 1095 1890; baseline -0.002 -24"><span class='ocrx_word' id='word_1_119' title='bbox 85 1846 93 1866; x_wconf 83' lang='grc'><strong>.</strong></span> <span class='ocrx_word' id='word_1_120' title='bbox 167 1799 246 1885; x_wconf 81' lang='lat' dir='ltr'>illud</span> <span class='ocrx_word' id='word_1_121' title='bbox 263 1809 374 1890; x_wconf 52' lang='lat' dir='ltr'>autem,</span> <span class='ocrx_word' id='word_1_122' title='bbox 394 1798 523 1882; x_wconf 79' lang='lat' dir='ltr'>nequis</span> <span class='ocrx_word' id='word_1_123' title='bbox 533 1798 717 1875; x_wconf 81' lang='lat' dir='ltr'>admiretur,</span> <span class='ocrx_word' id='word_1_124' title='bbox 742 1811 881 1880; x_wconf 82' lang='lat' dir='ltr'>quonam</span> <span class='ocrx_word' id='word_1_125' title='bbox 907 1801 1001 1864; x_wconf 91' lang='lat' dir='ltr'>modo</span> <span class='ocrx_word' id='word_1_126' title='bbox 1027 1800 1095 1864; x_wconf 88' lang='lat' dir='ltr'>hoec</span> 
     </span>
     <span class='ocr_line' id='line_1_17' title="bbox 123 1893 1094 1986; baseline 0.003 -20"><span class='ocrx_word' id='word_1_127' title='bbox 123 1903 234 1986; x_wconf 70' lang='lat' dir='ltr'>vulgus</span> <span class='ocrx_word' id='word_1_128' title='bbox 260 1893 472 1985; x_wconf 83' lang='lat' dir='ltr'>imperitorum</span> <span class='ocrx_word' id='word_1_129' title='bbox 497 1903 528 1964; x_wconf 94' lang='lat' dir='ltr'>in</span> <span class='ocrx_word' id='word_1_130' title='bbox 554 1903 711 1966; x_wconf 84' lang='lat' dir='ltr'>audiendo</span> <span class='ocrx_word' id='word_1_131' title='bbox 737 1914 844 1979; x_wconf 83' lang='lat' dir='ltr'>notet3</span> <span class='ocrx_word' id='word_1_132' title='bbox 866 1907 938 1968; x_wconf 81' lang='lat' dir='ltr'>oum</span> <span class='ocrx_word' id='word_1_133' title='bbox 963 1904 1094 1970; x_wconf 89' lang='lat' dir='ltr'>inomni</span> 
     </span>
     <span class='ocr_line' id='line_1_18' title="bbox 122 2005 1095 2092; baseline -0.001 -23"><span class='ocrx_word' id='word_1_134' title='bbox 122 2027 251 2092; x_wconf 77' lang='lat' dir='ltr'>genere,</span> <span class='ocrx_word' id='word_1_135' title='bbox 266 2018 330 2068; x_wconf 92' lang='lat' dir='ltr'>tum</span> <span class='ocrx_word' id='word_1_136' title='bbox 347 2005 379 2068; x_wconf 89' lang='lat' dir='ltr'>in</span> <span class='ocrx_word' id='word_1_137' title='bbox 394 2005 455 2068; x_wconf 90' lang='lat' dir='ltr'>hoc</span> <span class='ocrx_word' id='word_1_138' title='bbox 470 2006 547 2089; x_wconf 88' lang='lat' dir='ltr'>ipso,</span> <span class='ocrx_word' id='word_1_139' title='bbox 563 2025 679 2088; x_wconf 84' lang='lat' dir='ltr'>magno</span> <span class='ocrx_word' id='word_1_140' title='bbox 691 2007 835 2086; x_wconf 85' lang='lat' dir='ltr'>quaedam</span> <span class='ocrx_word' id='word_1_141' title='bbox 848 2018 895 2070; x_wconf 90' lang='lat' dir='ltr'>est</span> <span class='ocrx_word' id='word_1_142' title='bbox 910 2008 953 2069; x_wconf 86' lang='lat' dir='ltr'>vis</span> <span class='ocrx_word' id='word_1_143' title='bbox 965 2006 1095 2070; x_wconf 84' lang='lat' dir='ltr'>incredi-</span> 
     </span>
     <span class='ocr_line' id='line_1_19' title="bbox 124 2109 1097 2192; baseline -0.002 -18"><span class='ocrx_word' id='word_1_144' title='bbox 124 2109 255 2192; x_wconf 87' lang='lat' dir='ltr'>bilisque</span> <span class='ocrx_word' id='word_1_145' title='bbox 282 2120 410 2172; x_wconf 84' lang='lat' dir='ltr'>naturae.</span> <span class='ocrx_word' id='word_1_146' title='bbox 454 2109 574 2172; x_wconf 88' lang='lat' dir='ltr'>Omnes</span> <span class='ocrx_word' id='word_1_147' title='bbox 597 2109 679 2176; x_wconf 87' lang='lat' dir='ltr'>euim</span> <span class='ocrx_word' id='word_1_148' title='bbox 706 2109 804 2173; x_wconf 87' lang='lat' dir='ltr'>tacito</span> <span class='ocrx_word' id='word_1_149' title='bbox 830 2111 968 2192; x_wconf 87' lang='lat' dir='ltr'>quodam</span> <span class='ocrx_word' id='word_1_150' title='bbox 993 2109 1097 2187; x_wconf 73' lang='lat' dir='ltr'>sensu,</span> 
     </span>
     <span class='ocr_line' id='line_1_20' title="bbox 123 2211 1095 2294; baseline -0.002 -16"><span class='ocrx_word' id='word_1_151' title='bbox 123 2215 191 2278; x_wconf 86' lang='lat' dir='ltr'>sine</span> <span class='ocrx_word' id='word_1_152' title='bbox 207 2213 267 2276; x_wconf 73' lang='lat' dir='ltr'>ullei</span> <span class='ocrx_word' id='word_1_153' title='bbox 278 2225 348 2276; x_wconf 80' lang='lat' dir='ltr'>arte</span> <span class='ocrx_word' id='word_1_154' title='bbox 364 2224 417 2276; x_wconf 86' lang='lat' dir='ltr'>aut</span> <span class='ocrx_word' id='word_1_155' title='bbox 431 2213 646 2294; x_wconf 72' lang='lat' dir='ltr'>ra&#39;ti&#39;one‚,quae</span> <span class='ocrx_word' id='word_1_156' title='bbox 661 2213 721 2276; x_wconf 92' lang='lat' dir='ltr'>sint</span> <span class='ocrx_word' id='word_1_157' title='bbox 737 2211 766 2275; x_wconf 88' lang='lat' dir='ltr'>in</span> <span class='ocrx_word' id='word_1_158' title='bbox 784 2213 899 2277; x_wconf 84' lang='lat' dir='ltr'>artibus</span> <span class='ocrx_word' id='word_1_159' title='bbox 918 2235 956 2277; x_wconf 89' lang='lat' dir='ltr'>ao</span> <span class='ocrx_word' id='word_1_160' title='bbox 972 2212 1095 2278; x_wconf 80' lang='lat' dir='ltr'>rationi·</span> 
     </span>
     <span class='ocr_line' id='line_1_21' title="bbox 123 2316 1093 2400; baseline 0.001 -19"><span class='ocrx_word' id='word_1_161' title='bbox 123 2319 182 2382; x_wconf 86' lang='lat' dir='ltr'>bus</span> <span class='ocrx_word' id='word_1_162' title='bbox 198 2329 284 2381; x_wconf 86' lang='lat' dir='ltr'>rectu</span> <span class='ocrx_word' id='word_1_163' title='bbox 300 2339 339 2380; x_wconf 86' lang='lat' dir='ltr'>ac</span> <span class='ocrx_word' id='word_1_164' title='bbox 364 2337 469 2400; x_wconf 84' lang='lat' dir='ltr'>prave,</span> <span class='ocrx_word' id='word_1_165' title='bbox 494 2316 684 2400; x_wconf 85' lang='lat' dir='ltr'>dijudicant:</span> <span class='ocrx_word' id='word_1_166' title='bbox 707 2316 799 2399; x_wconf 86' lang='lat' dir='ltr'>idque</span> <span class='ocrx_word' id='word_1_167' title='bbox 826 2319 896 2380; x_wconf 80' lang='lat' dir='ltr'>otim</span> <span class='ocrx_word' id='word_1_168' title='bbox 919 2317 1036 2382; x_wconf 84' lang='lat' dir='ltr'>faciunt</span> <span class='ocrx_word' id='word_1_169' title='bbox 1062 2317 1093 2382; x_wconf 89' lang='lat' dir='ltr'>in</span> 
     </span>
     <span class='ocr_line' id='line_1_22' title="bbox 123 2419 1095 2507; baseline 0.001 -24"><span class='ocrx_word' id='word_1_170' title='bbox 123 2421 262 2507; x_wconf 84' lang='lat' dir='ltr'>picturis,</span> <span class='ocrx_word' id='word_1_171' title='bbox 277 2432 308 2484; x_wconf 88' lang='lat' dir='ltr'>et</span> <span class='ocrx_word' id='word_1_172' title='bbox 321 2421 350 2483; x_wconf 94' lang='lat' dir='ltr'>in</span> <span class='ocrx_word' id='word_1_173' title='bbox 366 2420 470 2504; x_wconf 86' lang='lat' dir='ltr'>signis,</span> <span class='ocrx_word' id='word_1_174' title='bbox 492 2431 524 2483; x_wconf 88' lang='lat' dir='ltr'>et</span> <span class='ocrx_word' id='word_1_175' title='bbox 544 2420 577 2485; x_wconf 90' lang='lat' dir='ltr'>in</span> <span class='ocrx_word' id='word_1_176' title='bbox 591 2419 656 2484; x_wconf 87' lang='lat' dir='ltr'>aliis</span> <span class='ocrx_word' id='word_1_177' title='bbox 671 2420 826 2503; x_wconf 83' lang='lat' dir='ltr'>operibus,</span> <span class='ocrx_word' id='word_1_178' title='bbox 850 2422 889 2485; x_wconf 87' lang='lat' dir='ltr'>ad</span> <span class='ocrx_word' id='word_1_179' title='bbox 905 2441 1038 2504; x_wconf 85' lang='lat' dir='ltr'>quorum</span> <span class='ocrx_word' id='word_1_180' title='bbox 1052 2421 1095 2484; x_wconf 80' lang='lat' dir='ltr'>in·</span> 
     </span>
     <span class='ocr_line' id='line_1_23' title="bbox 123 2522 1092 2609; baseline 0.001 -18"><span class='ocrx_word' id='word_1_181' title='bbox 123 2523 328 2609; x_wconf 81' lang='lat' dir='ltr'>telligentiam</span> <span class='ocrx_word' id='word_1_182' title='bbox 354 2545 373 2588; x_wconf 85' lang='lat' dir='ltr'>a</span> <span class='ocrx_word' id='word_1_183' title='bbox 397 2522 508 2590; x_wconf 65' lang='lat' dir='ltr'>nutura</span> <span class='ocrx_word' id='word_1_184' title='bbox 522 2524 622 2588; x_wconf 91' lang='lat' dir='ltr'>minus</span> <span class='ocrx_word' id='word_1_185' title='bbox 647 2525 765 2588; x_wconf 85' lang='lat' dir='ltr'>habent</span> <span class='ocrx_word' id='word_1_186' title='bbox 790 2526 1003 2603; x_wconf 86' lang='lat' dir='ltr'>iustrumenti;</span> <span class='ocrx_word' id='word_1_187' title='bbox 1027 2536 1092 2592; x_wconf 92' lang='lat' dir='ltr'>tum</span> 
     </span>
     <span class='ocr_line' id='line_1_24' title="bbox 125 2627 1094 2717; baseline 0.001 -23"><span class='ocrx_word' id='word_1_188' title='bbox 125 2629 225 2694; x_wconf 82' lang='lat' dir='ltr'>muno</span> <span class='ocrx_word' id='word_1_189' title='bbox 240 2630 409 2694; x_wconf 89' lang='lat' dir='ltr'>ostendunt</span> <span class='ocrx_word' id='word_1_190' title='bbox 434 2627 536 2717; x_wconf 72' lang='lat' dir='ltr'>magis</span> <span class='ocrx_word' id='word_1_191' title='bbox 561 2629 784 2706; x_wconf 76' lang='lat' dir='ltr'>inversorum,</span> <span class='ocrx_word' id='word_1_192' title='bbox 809 2648 1017 2707; x_wconf 84' lang='lat' dir='ltr'>numerorum,</span> <span class='ocrx_word' id='word_1_193' title='bbox 1042 2651 1094 2695; x_wconf 74' lang='lat' dir='ltr'>vo·</span> 
     </span>
     <span class='ocr_line' id='line_1_25' title="bbox 125 2720 1094 2818; baseline 0.002 -19"><span class='ocrx_word' id='word_1_194' title='bbox 125 2753 260 2818; x_wconf 85' lang='lat' dir='ltr'>cumque</span> <span class='ocrx_word' id='word_1_195' title='bbox 282 2733 417 2818; x_wconf 83' lang='lat' dir='ltr'>judici03</span> <span class='ocrx_word' id='word_1_196' title='bbox 438 2720 586 2816; x_wconf 61' lang='lat' dir='ltr'>quocica</span> <span class='ocrx_word' id='word_1_197' title='bbox 608 2745 680 2798; x_wconf 85' lang='lat' dir='ltr'>sunt</span> <span class='ocrx_word' id='word_1_198' title='bbox 704 2734 735 2796; x_wconf 91' lang='lat' dir='ltr'>io</span> <span class='ocrx_word' id='word_1_199' title='bbox 758 2733 974 2798; x_wconf 88' lang='lat' dir='ltr'>communibus</span> <span class='ocrx_word' id='word_1_200' title='bbox 999 2733 1094 2802; x_wconf 73' lang='lat' dir='ltr'>infixo</span> 
     </span>
    </p>
   </div>
   <div class='ocr_carea' id='block_1_3' title="bbox 14 2837 1093 2920">
    <p class='ocr_par' dir='ltr' id='par_1_3' title="bbox 14 2837 1093 2920">
     <span class='ocr_line' id='line_1_26' title="bbox 14 2837 1093 2920; baseline 0.001 -16"><span class='ocrx_word' id='word_1_201' title='bbox 14 2879 18 2888; x_wconf 90' lang='lat'>·</span> <span class='ocrx_word' id='word_1_202' title='bbox 123 2838 274 2915; x_wconf 82' lang='lat' dir='ltr'>sensibus,</span> <span class='ocrx_word' id='word_1_203' title='bbox 289 2857 389 2920; x_wconf 86' lang='lat' dir='ltr'>neque</span> <span class='ocrx_word' id='word_1_204' title='bbox 404 2847 511 2901; x_wconf 84' lang='lat' dir='ltr'>earum</span> <span class='ocrx_word' id='word_1_205' title='bbox 524 2856 624 2900; x_wconf 83' lang='lat' dir='ltr'>rerum</span> <span class='ocrx_word' id='word_1_206' title='bbox 636 2857 814 2919; x_wconf 85' lang='lat' dir='ltr'>quenquam</span> <span class='ocrx_word' id='word_1_207' title='bbox 830 2837 966 2902; x_wconf 87' lang='lat' dir='ltr'>funditus</span> <span class='ocrx_word' id='word_1_208' title='bbox 981 2847 1093 2905; x_wconf 70' lang='lat' dir='ltr'>natura</span> 
     </span>
    </p>
   </div>
   <div class='ocr_carea' id='block_1_4' title="bbox 122 2939 1156 3731">
    <p class='ocr_par' dir='ltr' id='par_1_4' title="bbox 122 2939 1156 3731">
     <span class='ocr_line' id='line_1_27' title="bbox 124 2939 1094 3026; baseline 0.002 -18"><span class='ocrx_word' id='word_1_209' title='bbox 124 2943 220 3009; x_wconf 82' lang='lat' dir='ltr'>voluit</span> <span class='ocrx_word' id='word_1_210' title='bbox 245 2964 312 3007; x_wconf 87' lang='lat' dir='ltr'>esse</span> <span class='ocrx_word' id='word_1_211' title='bbox 338 2952 507 3026; x_wconf 83' lang='lat' dir='ltr'>expertem.</span> <span class='ocrx_word' id='word_1_212' title='bbox 550 2939 662 3022; x_wconf 87' lang='lat' dir='ltr'>Itaque</span> <span class='ocrx_word' id='word_1_213' title='bbox 688 2959 749 3002; x_wconf 94' lang='lat' dir='ltr'>non</span> <span class='ocrx_word' id='word_1_214' title='bbox 776 2939 874 3004; x_wconf 75' lang='lat' dir='ltr'>solum</span> <span class='ocrx_word' id='word_1_215' title='bbox 900 2939 1000 3007; x_wconf 77' lang='lat' dir='ltr'>verbis</span> <span class='ocrx_word' id='word_1_216' title='bbox 1026 2951 1094 3010; x_wconf 74' lang='lat' dir='ltr'>ertu</span> 
     </span>
     <span class='ocr_line' id='line_1_28' title="bbox 124 3041 1093 3134; baseline -0.004 -22"><span class='ocrx_word' id='word_1_217' title='bbox 124 3047 231 3134; x_wconf 85' lang='lat' dir='ltr'>positis</span> <span class='ocrx_word' id='word_1_218' title='bbox 247 3057 408 3110; x_wconf 86' lang='lat' dir='ltr'>moventur</span> <span class='ocrx_word' id='word_1_219' title='bbox 423 3048 542 3119; x_wconf 87' lang='lat' dir='ltr'>omne&#39;s,</span> <span class='ocrx_word' id='word_1_220' title='bbox 566 3046 675 3107; x_wconf 79' lang='lat' dir='ltr'>vorum</span> <span class='ocrx_word' id='word_1_221' title='bbox 698 3041 793 3106; x_wconf 90' lang='lat' dir='ltr'>etiam</span> <span class='ocrx_word' id='word_1_222' title='bbox 809 3044 943 3114; x_wconf 83' lang='lat' dir='ltr'>numetis</span> <span class='ocrx_word' id='word_1_223' title='bbox 958 3065 996 3110; x_wconf 85' lang='lat' dir='ltr'>ac</span> <span class='ocrx_word' id='word_1_224' title='bbox 1011 3047 1093 3110; x_wconf 84' lang='lat' dir='ltr'>voci·</span> 
     </span>
     <span class='ocr_line' id='line_1_29' title="bbox 124 3147 1156 3231; baseline -0.003 -16"><span class='ocrx_word' id='word_1_225' title='bbox 124 3150 193 3216; x_wconf 84' lang='lat' dir='ltr'>bos.</span> <span class='ocrx_word' id='word_1_226' title='bbox 236 3150 362 3220; x_wconf 79' lang='lat' dir='ltr'>Quotus</span> <span class='ocrx_word' id='word_1_227' title='bbox 377 3149 459 3217; x_wconf 86' lang='lat' dir='ltr'>enim</span> <span class='ocrx_word' id='word_1_228' title='bbox 472 3147 601 3231; x_wconf 82' lang='lat' dir='ltr'>quisque</span> <span class='ocrx_word' id='word_1_229' title='bbox 616 3158 674 3223; x_wconf 85' lang='lat' dir='ltr'>est,</span> <span class='ocrx_word' id='word_1_230' title='bbox 688 3147 740 3229; x_wconf 91' lang='lat' dir='ltr'>qui</span> <span class='ocrx_word' id='word_1_231' title='bbox 756 3158 862 3212; x_wconf 85' lang='lat' dir='ltr'>teneat</span> <span class='ocrx_word' id='word_1_232' title='bbox 875 3158 972 3212; x_wconf 83' lang='lat' dir='ltr'>artem</span> <span class='ocrx_word' id='word_1_233' title='bbox 986 3169 1093 3213; x_wconf 78' lang='lat' dir='ltr'>nume·</span> <span class='ocrx_word' id='word_1_234' title='bbox 1152 3174 1156 3194; x_wconf 87' lang='grc'><em>·</em></span> 
     </span>
     <span class='ocr_line' id='line_1_30' title="bbox 124 3249 1093 3333; baseline -0.004 -13"><span class='ocrx_word' id='word_1_235' title='bbox 124 3275 228 3320; x_wconf 81' lang='lat' dir='ltr'>rorum</span> <span class='ocrx_word' id='word_1_236' title='bbox 244 3275 283 3319; x_wconf 87' lang='lat' dir='ltr'>ac</span> <span class='ocrx_word' id='word_1_237' title='bbox 310 3251 495 3317; x_wconf 69' lang='lat' dir='ltr'>modorum?</span> <span class='ocrx_word' id='word_1_238' title='bbox 518 3250 561 3314; x_wconf 88' lang='lat' dir='ltr'>At</span> <span class='ocrx_word' id='word_1_239' title='bbox 574 3250 605 3317; x_wconf 88' lang='lat' dir='ltr'>in</span> <span class='ocrx_word' id='word_1_240' title='bbox 632 3249 677 3314; x_wconf 82' lang='lat' dir='ltr'>his</span> <span class='ocrx_word' id='word_1_241' title='bbox 692 3249 717 3313; x_wconf 84' lang='lat' dir='ltr'>si</span> <span class='ocrx_word' id='word_1_242' title='bbox 733 3249 860 3333; x_wconf 87' lang='lat' dir='ltr'>paulum</span> <span class='ocrx_word' id='word_1_243' title='bbox 886 3249 983 3316; x_wconf 77' lang='lat' dir='ltr'>modo</span> <span class='ocrx_word' id='word_1_244' title='bbox 996 3249 1093 3316; x_wconf 88' lang='lat' dir='ltr'>offen·</span> 
     </span>
     <span class='ocr_line' id='line_1_31' title="bbox 124 3351 1093 3438; baseline -0.009 -14"><span class='ocrx_word' id='word_1_245' title='bbox 124 3379 193 3426; x_wconf 87' lang='lat' dir='ltr'>sum</span> <span class='ocrx_word' id='word_1_246' title='bbox 208 3351 266 3435; x_wconf 63' lang='lat' dir='ltr'>est‚‘</span> <span class='ocrx_word' id='word_1_247' title='bbox 283 3367 318 3422; x_wconf 91' lang='lat' dir='ltr'>ut</span> <span class='ocrx_word' id='word_1_248' title='bbox 333 3365 386 3421; x_wconf 89' lang='lat' dir='ltr'>aut</span> <span class='ocrx_word' id='word_1_249' title='bbox 400 3354 615 3420; x_wconf 79' lang='lat' dir='ltr'>contractione</span> <span class='ocrx_word' id='word_1_250' title='bbox 630 3353 751 3419; x_wconf 82' lang='lat' dir='ltr'>brevius</span> <span class='ocrx_word' id='word_1_251' title='bbox 773 3353 871 3428; x_wconf 84' lang='lat' dir='ltr'>fieret,</span> <span class='ocrx_word' id='word_1_252' title='bbox 893 3363 946 3416; x_wconf 83' lang='lat' dir='ltr'>aut</span> <span class='ocrx_word' id='word_1_253' title='bbox 961 3356 1093 3438; x_wconf 58' lang='lat' dir='ltr'>produc«</span> 
     </span>
     <span class='ocr_line' id='line_1_32' title="bbox 124 3455 1091 3544; baseline -0.004 -18"><span class='ocrx_word' id='word_1_254' title='bbox 124 3463 209 3527; x_wconf 88' lang='lat' dir='ltr'>tione</span> <span class='ocrx_word' id='word_1_255' title='bbox 224 3460 355 3544; x_wconf 80' lang='lat' dir='ltr'>lougius,</span> <span class='ocrx_word' id='word_1_256' title='bbox 379 3457 502 3522; x_wconf 78' lang='lat' dir='ltr'>theatra</span> <span class='ocrx_word' id='word_1_257' title='bbox 517 3468 584 3525; x_wconf 86' lang='lat' dir='ltr'>tota</span> <span class='ocrx_word' id='word_1_258' title='bbox 599 3456 780 3526; x_wconf 80' lang='lat' dir='ltr'>reclamant,</span> <span class='ocrx_word' id='word_1_259' title='bbox 823 3455 929 3532; x_wconf 76' lang='lat' dir='ltr'>Quint</span> <span class='ocrx_word' id='word_1_260' title='bbox 953 3457 1012 3524; x_wconf 85' lang='lat' dir='ltr'>hoc</span> <span class='ocrx_word' id='word_1_261' title='bbox 1027 3479 1091 3522; x_wconf 88' lang='lat' dir='ltr'>non</span> 
     </span>
     <span class='ocr_line' id='line_1_33' title="bbox 122 3559 1089 3651; baseline -0.009 -18"><span class='ocrx_word' id='word_1_262' title='bbox 122 3567 206 3638; x_wconf 84' lang='lat' dir='ltr'>idem</span> <span class='ocrx_word' id='word_1_263' title='bbox 231 3566 266 3632; x_wconf 89' lang='lat' dir='ltr'>fit</span> <span class='ocrx_word' id='word_1_264' title='bbox 281 3565 311 3634; x_wconf 91' lang='lat' dir='ltr'>iu</span> <span class='ocrx_word' id='word_1_265' title='bbox 337 3561 475 3637; x_wconf 83' lang='lat' dir='ltr'>vocibus,</span> <span class='ocrx_word' id='word_1_266' title='bbox 499 3574 532 3630; x_wconf 85' lang='lat' dir='ltr'>ut</span> <span class='ocrx_word' id='word_1_267' title='bbox 558 3583 577 3626; x_wconf 85' lang='lat' dir='ltr'>a</span> <span class='ocrx_word' id='word_1_268' title='bbox 599 3559 792 3630; x_wconf 79' lang='lat' dir='ltr'>muttitudine</span> <span class='ocrx_word' id='word_1_269' title='bbox 819 3569 850 3627; x_wconf 88' lang='lat' dir='ltr'>et</span> <span class='ocrx_word' id='word_1_270' title='bbox 875 3562 1001 3651; x_wconf 80' lang='lat' dir='ltr'>populo,</span> <span class='ocrx_word' id='word_1_271' title='bbox 1025 3581 1089 3633; x_wconf 81' lang='lat' dir='ltr'>nou</span> 
     </span>
     <span class='ocr_line' id='line_1_34' title="bbox 588 3666 976 3731; baseline -0.008 0"><span class='ocrx_word' id='word_1_272' title='bbox 588 3666 644 3731; x_wconf 74' lang='lat'>16*</span> <span class='ocrx_word' id='word_1_273' title='bbox 969 3669 976 3676; x_wconf 81' lang='grc'><em>“</em></span> 
     </span>
    </p>
   </div>
   <div class='ocr_carea' id='block_1_5' title="bbox 0 0 1235 3972">
    <p class='ocr_par' dir='ltr' id='par_1_5' title="bbox 0 0 1235 3972">
     <span class='ocr_line' id='line_1_35' title="bbox 0 0 1235 3972; baseline 0 0"><span class='ocrx_word' id='word_1_274' title='bbox 0 0 1235 3972; x_wconf 95' lang='lat' dir='ltr'> </span> 
     </span>
    </p>
   </div>
  </div>
 </body>
</html>
