2466 3966
281 75 328 120 ne
345 73 500 121 ossanna
519 75 617 120 arnan
642 75 824 124 suesanus.
1009 59 1050 120 88
1135 83 1140 90 ·

40 222 97 304 gis,
107 231 147 287 ut
162 231 205 288 tu
222 228 367 302 puteas
382 217 630 302 veritate,qudm
646 239 666 284 a
683 221 792 289 nasio
806 221 870 300 qne
884 220 1050 306 dignitate.

40 325 80 390 Ut
90 325 196 408 igitur
213 323 261 386 de
277 321 348 403 ipso
359 339 479 404 genere
490 339 561 387 suna
575 321 750 395 centenus,
769 320 871 404 inquit
882 323 1052 400 Antonius,

41 437 142 490 artem
161 445 243 488 esse
271 443 338 496 uon
363 421 556 503 proximatur
576 422 622 488 aie
637 422 712 486 illud
728 422 864 498 affirmo,
890 435 1052 510 praeespta

41 548 135 610 posse
151 525 318 610 quaedam
341 523 659 639 dahi‘peraeutapsad
674 523 918 625 pertractandos
928 525 1052 590 animos

42 630 233 702 hominurn,
248 637 281 708 et
298 627 338 690 ad
355 595 561 710 exeipilsrid‘rls
575 595 903 712 ddidm¹ptnldnldlds.
948 625 1052 712 Hujus

41 731 82 794 rei
96 722 294 804 seientiam,
320 728 345 791 si
369 729 438 809 quis
460 729 556 806 volet,
581 739 735 813 magnam
761 730 925 814 quandam
950 737 1051 794 artem

42 854 111 896 esse
137 831 269 906 dicere,
295 851 360 894 non
376 832 574 914 repugnabo.
620 832 750 898 Etenim
763 835 837 896 orlm
851 831 993 916 plerique
1008 841 1053 896 te·

43 938 131 1000 mere
149 955 196 998 ac
211 931 300 996 nulle
312 933 435 1012 ratione
451 955 569 998 causes
582 933 613 997 in
629 933 830 1010 foradinem,
845 933 987 1000 nonnulli
999 953 1053 1000 au·

44 1051 109 1104 tem
120 1044 262 1121 propter
278 1035 551 1112 exercitationem,
566 1046 621 1098 aut
636 1047 777 1118 propter.
787 1037 1052 1102 consuetudinem

45 1140 206 1222 aliquem,
230 1135 382 1230 calliditas
400 1135 431 1198 id
446 1136 579 1212 faciantr
600 1148 730 1202 nonest
746 1137 890 1214 dubium,
913 1138 1001 1219 quin,
1026 1139 1053 1203 si

45 1242 115 1322 quis
131 1239 410 1312 animadverterit,
425 1238 500 1321 quid
511 1239 560 1314 ait,
570 1259 669 1321 quare
685 1239 737 1303 alii
752 1239 873 1315 melius,
889 1242 984 1320 quem
998 1240 1051 1304 alii

45 1344 176 1418 dieunt,
187 1341 219 1404 id
232 1341 330 1424 possit
346 1351 468 1404 notare.
513 1339 601 1422 Ergo
627 1340 659 1402 id
676 1340 729 1421 qui
744 1341 860 1404 totuin
876 1341 1053 1424 generale·

47 1447 140 1521 oerit,
154 1445 184 1524 is
200 1443 228 1506 si
252 1463 316 1506 non
333 1442 427 1525 plane
442 1453 560 1518 artem,
570 1451 605 1504 at
620 1439 711 1522 quasi
721 1450 822 1506 artem
834 1441 998 1523 quandam
1009 1440 1053 1506 in·

48 1547 186 1612 venerit.
232 1543 339 1626 Atque
352 1544 486 1620 utinam,
497 1554 533 1607 ut
544 1543 620 1608 mihi
631 1542 683 1612 illa
696 1542 802 1606 videre
815 1542 924 1608 videor
936 1542 967 1608 in
982 1543 1053 1608 soro

47 1660 151 1732 etque
163 1647 196 1710 in
210 1645 324 1722 causis,
336 1646 381 1708 ita
392 1666 487 1722 nuno,
499 1645 771 1748 quemadmodum
783 1665 823 1710 ea
832 1645 1054 1736 reperirentur,

47 1769 184 1833 possem
210 1747 299 1812 vobis
315 1749 489 1830 exponere!
739 1744 742 1754 '
781 1762 813 1851 ',
870 1770 877 1785 κ·
933 1750 936 1754 ’

94 1851 168 1919 Sed
180 1850 223 1912 de
236 1871 287 1914 me
299 1850 408 1914 videro
419 1847 435 1934 ἐΙ
450 1871 536 1914 nune
547 1849 608 1914 boe
624 1871 780 1934 propono,
795 1851 881 1932 quod
898 1852 973 1916 milri
986 1873 1054 1936 per·

595 1739 658 1792 [325.
673 1769 690 1796 a,
749 1759 776 1794 ’ἡ

46 1955 150 2030 suasi,
161 1951 374 2035 quamvisars
387 1973 451 2016 non
465 1953 517 2028 sit,
529 1963 637 2016 tamen
654 1951 729 2016 nihil
744 1973 814 2016 esse
830 1952 973 2036 perfeeto
986 1973 1054 2018 ora·

48 2071 122 2122 tore
136 2054 335 2139 praeclarius.
379 2055 411 2118 N
414 2075 477 2130 arn,
487 2066 521 2118 ut
532 2053 762 2118 usumdioendi
777 2054 937 2128 omittam,
950 2054 1004 2135 qui
1019 2053 1052 2118 in

48 2159 143 2224 omni
156 2157 277 2242 paeetd
289 2167 323 2220 et
348 2156 445 2220 libera
457 2156 586 2220 civitate
600 2155 795 2230 dominetur,
807 2164 897 2218 tanta
913 2153 1053 2218 obleeta-

48 2265 96 2327 tio
112 2275 166 2325 est
191 2259 223 2322 in
240 2258 308 2342 ipsd
334 2258 487 2323 facultate
503 2258 642 2335 dicendi,
668 2267 703 2320 ut
716 2255 792 2320 nihil
808 2255 972 2320 hominurn
997 2265 1053 2320 eut

51 2363 198 2470 enribps,
219 2373 297 2480 auth
301 2362 460 2426 mentibus
482 2359 653 2445 jucundius
678 2359 798 2444 percipi
825 2359 933 2444 possit.
988 2357 1054 2436 Qui

49 2468 151 2530 enim‘
161 2467 166 2486 ¹
176 2460 181 2473 '
191 2463 477 2531 antusrlnoderatae
493 2463 643 2528 orationis
656 2462 917 2546 pronuntiatione
932 2462 1054 2528 dulcior

52 2567 191 2632 inveniri
214 2566 343 2650 potestl
367 2566 453 2648 quod
469 2587 599 2630 oarrnen
614 2566 782 2630 artificiose
797 2567 965 2630 verborum
978 2587 1054 2630 oon·
1138 2615 1147 2624 .

49 2669 199 2736 elusione
215 2668 338 2750 aptiusl
361 2668 416 2751 qui
440 2679 531 2734 antor
547 2668 578 2730 in
605 2668 768 2744 imitanda,
783 2668 881 2750 quern
896 2677 1003 2730 orator
1021 2667 1053 2730 in

50 2770 261 2854 suscipienda
275 2771 417 2862 veritate!
431 2769 626 2866 jucundior?
649 2770 738 2840 Quid
766 2780 873 2832 autem
900 2766 1055 2840 subtilius,

50 2877 153 2957 quam
182 2885 287 2936 acutae
313 2859 499 2967 cipbr'reoue
525 2859 715 2935 sententiae?
739 2870 812 2950 quid
829 2867 1055 2944 admirabilius,

50 2977 153 3060 quem
175 2975 409 3058 ressplendore
433 2973 588 3037 illustrata
603 2972 793 3036 verboruml
816 2971 893 3055 quid
919 2971 1055 3058 plenius,

50 3081 153 3160 quem
178 3077 266 3142 ornni
292 3097 397 3142 rerum
423 3096 541 3161 genere
568 3067 731 3138 cumulata
756 3075 884 3140 oretiol
937 3075 1053 3156 Neque

50 3181 142 3245 enirn
159 3179 222 3243 ulla
238 3201 302 3242 non
319 3180 447 3262 propria
459 3176 592 3270 orptoris
608 3189 655 3240 est
673 3195 733 3251 res,
755 3194 827 3257 quae
850 3176 981 3260 quidem
1007 3197 1054 3240 or·
1068 3227 1077 3240 ,,

51 3281 208 3346 natedioi
225 3281 426 3364 graviterque
442 3281 570 3344 debeat.
663 3309 665 3314 ·
1070 3260 1078 3276 ’

98 3384 158 3448 ΙΧ.
182 3384 285 3468 Hujus
297 3393 345 3446 est
357 3381 388 3444 in
400 3384 509 3446 dando
521 3382 653 3446 oonsilio
665 3381 706 3444 de
718 3381 863 3444 maximis
875 3380 1054 3451 rebusoum
1104 3419 1108 3430 ι

12 3441 18 3612 i
53 3487 215 3574 dignitate
226 3484 385 3568 explicata
401 3483 575 3558 sententiar
596 3483 738 3598 ejusdem
754 3491 787 3546 et
801 3481 983 3566 languentis
998 3497 1054 3562 po·
1130 3507 1139 3520 ·
