2400 3980
161 125 201 184 70
409 142 451 186 ns
466 141 617 188 osrrosu
634 141 731 184 mess
747 141 877 186 sersus.

159 299 241 366 testi
257 289 333 374 J'uris
347 289 472 366 utiliter,
485 289 523 354 ed
537 311 696 382 quemque
708 313 838 356 csussm
848 293 992 376 quemvis
1004 293 1138 377 repentis
1169 333 1190 374 q

160 393 244 460 vele
266 392 381 478 peritis,
395 393 442 458 vei
466 395 506 460 de
532 394 615 458 libris
637 395 779 479 depromi
795 408 908 480 potest
953 397 1066 480 Itsque
1081 397 1142 483 *iiii
1170 437 1190 482 ,7

158 496 350 565 disertissimi
370 500 511 564 hominos
527 499 681 564 ministros
696 499 816 564 hebent
829 501 859 564 io
883 501 986 566 csusis
996 500 1072 587 juris
1082 523 1138 586 pe·
1172 543 1190 585 ,7

160 607 245 685 sitos,
259 611 333 673 cirm
347 605 405 690 ipsi
424 606 485 670 sint
498 604 729 688 imperitissimi,
742 616 774 668 et
789 605 896 688 quint
911 605 967 670 ebs
983 618 1014 670 te
1037 607 1138 690 psuio
1172 649 1190 692 :s

160 712 364 780 antedictum
390 721 447 785 est,
474 709 659 792 pragmatici
680 721 842 775 vocentur.
885 710 921 774 In
948 731 1011 793 quo
1036 713 1138 774 nostri
1189 757 1190 766 ι

159 816 288 881 omuino
301 815 409 880 meiius
420 814 527 890 muro,
539 813 621 897 quid
635 813 876 878 clarissimorum
888 815 1051 878 hominum
1062 835 1138 879 suc·
1174 859 1190 902 7

159 921 286 986 toritste
302 919 387 1004 leges
401 932 433 983 et
443 919 512 1004 jura
531 929 616 982 tecte
631 939 700 984 esse
715 917 888 984 voluerunt.
932 919 999 983 Sed
1025 929 1190 1006 temen-J

70 1041 73 1048 ·
159 1046 222 1090 non
237 1024 366 1110 fugisset
382 1023 442 1088 hoc
454 1023 583 1088 Graecos
596 1023 785 1100 homiues,
762 1045 787 1086 ιι
802 1023 847 1088 its
860 1043 991 1088 necesse
1007 1043 1076 1087 esse
1089 1043 1137 1086 sr-

154 1128 264 1198 bitrsti
278 1139 382 1194 essent
399 1140 556 1192 oratorem
566 1127 674 1222 ipsum
688 1127 831 1192 erudire
824 1147 855 1190 ιιι
877 1127 947 1212 J'urs
962 1125 1185 1216 cicilinus

156 1233 188 1300 ei
204 1234 432 1318 prsgmsticum
444 1217 617 1317 sdjutorem
629 1232 715 1296 dare.
1178 1293 1190 1322 7

201 1339 271 1403 LX.
294 1338 390 1416 Nem,
405 1337 489 1421 quod
504 1336 583 1400 dicis
605 1345 802 1402 senectutem
824 1315 1028 1426 ssoiitudine
1033 1335 1139 1400 vindi·
1179 1385 1190 1429 7

157 1444 225 1510 ceri
245 1443 322 1529 juris
336 1443 430 1508 civilis
445 1439 594 1517 scientio,
615 1440 747 1506 fortasse
761 1441 857 1506 etiem
881 1433 1024 1524 pecunie
1046 1459 1138 1526 msg·
1185 1491 1190 1532 7

158 1549 316 1622 pitudiner
353 1547 418 1611 Sed
431 1568 499 1622 nos,
508 1563 570 1611 uon
583 1545 656 1629 quid
666 1545 756 1610 nobis
768 1543 852 1621 utile,
862 1548 968 1628 verum
983 1545 1057 1628 quid
1067 1566 1138 1610 ore·
1185 1597 1189 1635 7

158 1652 219 1715 tori
240 1651 452 1724 necessarium
476 1649 525 1724 sit,
552 1647 733 1730 querimus:
766 1641 970 1732 quenquam:
984 1647 1136 1732 quonism
1183 1700 1190 1740 77

159 1753 257 1818 mults
267 1755 307 1817 ed
320 1752 450 1817 cratoris
464 1751 696 1816 similitudinem
712 1751 752 1822 sb
768 1753 961 1826 unosrtr'fice
972 1753 1136 1830 sumimus,
1185 1828 1190 1850 7

157 1856 239 1920 sciet
249 1857 332 1921 idem
349 1855 481 1920 Roscius
496 1855 612 1933 dicere,
628 1877 673 1934 se,
694 1855 755 1940 qud
771 1855 839 1941 pius
854 1856 911 1921 sibi
926 1856 1027 1920 etstis
1043 1877 1136 1922 ecee·
1184 1907 1190 1948 7

158 1959 257 2036 deret,
266 1961 305 2024 ed
314 1958 465 2024 tardiores
474 1958 608 2025 tibicinis
624 1960 745 2036 modos,
760 1969 792 2024 et
805 1970 917 2026 cnutus
931 1958 1135 2037 remissiores,
1185 2010 1190 2052 7

152 2064 401 2140 summoturum.
446 2063 544 2132 Quod
555 2063 581 2126 si
592 2062 653 2139 ille,
662 2063 826 2128 adstrictus
838 2059 1068 2147 ccrtdiquddum
1079 2085 1136 2127 nu·

159 2187 314 2232 merorum
325 2168 542 2232 moderatione
553 2178 586 2230 et
597 2167 725 2251 pedum,
736 2177 841 2230 tumen
855 2166 970 2250 aliquid
983 2167 1023 2230 sd
1033 2168 1135 2248 requi-

156 2293 209 2338 em
222 2271 394 2346 senectutis
408 2271 586 2354 excogitet,
600 2271 719 2354 quanto
741 2268 861 2334 facilius
876 2291 934 2334 nos
949 2291 1011 2334 noo
1027 2269 1136 2335 iuxere
1189 2303 1190 2362 7

158 2376 280 2450 modos,
288 2375 344 2438 sed
357 2387 440 2437 totos
452 2387 583 2450 mutare,
594 2374 776 2457 possumusi
800 2373 913 2456 Neque
925 2373 1080 2440 enrmhoc
1091 2385 1136 2450 te
1189 2425 1190 2486 7

157 2477 472 2557 Crasse‚tal1it‚quam
482 2477 580 2540 muita
590 2477 797 2560 smtetqusm
806 2497 891 2540 vorm
900 2499 1019 2560 genere
1029 2477 1136 2542 dicen
1189 2527 1190 2566 7

156 2579 1005 2665 d13etquodheudscrsm,entupr1musotendens,qui
1011 2580 1135 2666 jamdiu
1177 2617 1183 2632 ·

157 2685 341 2751 muitddicis
352 2683 510 2761 ‚remissius
522 2696 553 2774 et
569 2683 677 2760 leniris,
692 2685 784 2766 quem
800 2685 943 2749 soiehss:
967 2689 1136 2768 nequemi·
1178 2697 1180 2700 ’

156 2793 215 2856 eds
224 2791 293 2856 herc
306 2802 412 2854 tamem
425 2800 479 2852 tua
490 2788 662 2872 gravissimi
673 2789 825 2852 sermonis
840 2789 961 2866 lenitas,
972 2791 1065 2872 quem
1082 2790 1136 2855 iiia

157 2917 282 2962 summu
297 2895 342 2958 vis
356 2907 387 2958 et
398 2894 570 2970 contentio,
582 2893 749 2992 probetur·
773 2893 923 2976 multique
935 2908 1075 2959 oratores
1090 2895 1137 2960 iu·

156 3011 259 3077 ernt,
280 3011 315 3064 ut
330 2999 414 3078 ilium
431 2998 611 3098 Scipionem
628 2984 783 3116 cudimus,
797 3009 830 3062 et
845 2999 975 3062 Laeiium
979 3000 1056 3081 ,qui
1067 3021 1135 3066 om·
1182 3024 1185 3030 ·

156 3023 239 3170 diis
220 3082 378 3166 sermotie
377 3086 586 3167 'cdiiiicersnt
603 3090 726 3187 pauli
711 3083 895 3178 intentiore,
905 3125 1085 3192 nunquam,
1101 3119 1136 3170 ut

156 3208 226 3274 Ser.
243 3207 358 3282 Galba,
368 3206 514 3270 lateribus
535 3219 589 3270 sut
604 3207 743 3272 cismore
763 3208 1001 3293 contenderent.
1036 3209 1135 3278 Quod

79 3337 82 3350 ι
155 3313 182 3376 si
193 3313 259 3397 J'um
274 3311 335 3375 hoc
349 3310 454 3374 fecere
470 3333 533 3374 non
546 3310 672 3426 poteris,
687 3323 742 3374 sut
757 3287 864 3386 noles,
885 3315 1009 3389 vereris,
1024 3335 1065 3377 ns
1080 3324 1137 3378 tun

155 3416 281 3508 domus,
295 3414 365 3478 tsiis
388 3414 483 3478 etviri
502 3425 534 3478 ct
554 3413 673 3490 ciris,si
689 3435 708 3478 e
723 3414 862 3498 litigiosis
877 3416 1055 3482 hominibus
1069 3438 1135 3482 non

1187 2115 1190 2158 i

87 3608 91 3616 .
155 3519 304 3596 coletur,
324 3541 343 3582 n
379 3518 500 3582 ceteris
525 3518 707 3582 desereturi
751 3519 906 3602 Equidem
930 3521 1051 3584 tentum
1079 3523 1137 3586 sb

153 3645 224 3692 sum
240 3623 303 3692 uir
295 3621 354 3688 istd
367 3622 533 3700 sententis,
547 3633 653 3688 utnon
670 3623 766 3690 ruodo
782 3645 845 3690 non
861 3623 993 3690 arbitrer
1003 3621 1190 3693 subsidi-
