2458 3972
341 174 382 220 na
405 173 555 218 carrona
578 173 676 218 urnac
697 174 851 220 currus.
1017 163 1078 222 aaa

107 319 143 388 lis
155 320 255 389 vorbis
271 343 319 388 ros
334 333 483 388 actutum
498 321 793 400 simila-coniicitur;
813 323 861 388 vel
876 324 959 407 quod
976 325 1076 410 omnis

41 501 49 516 ¹
107 425 280 503 translatio,
294 445 365 508 quae
379 426 504 510 quidem
520 439 623 490 sumta
638 427 758 492 ratione
773 439 830 503 ast,
856 428 897 492 ad
911 449 1020 492 seusus
1033 426 1076 511 ip·

107 551 159 594 sos
174 530 369 606 admovetur,
390 530 521 594 maximi
547 529 719 607 oculorum,
742 531 794 613 qui
809 542 855 596 ost
869 552 976 596 seusus
992 551 1077 596 nocr-

106 632 210 698 rimus.
253 631 338 698 Nam
354 644 386 698 et
401 631 477 698 ocior
492 634 685 711 urbanitatis,
710 647 742 698 at
755 634 914 700 mollitudo
937 635 1076 701 humani·

106 735 189 814 tatis,
202 748 234 802 ct
248 758 382 802 murmur
397 736 499 814 matis,
515 749 546 802 ct
566 736 695 830 dulcedo
709 739 868 814 orationis,
893 749 964 802 sont
978 740 1074 804 ductu
1090 763 1094 776 ·

107 841 262 906 coateri:
286 841 443 906 sensibus:
466 841 514 906 illa
537 839 610 906 rard
634 842 795 908 oculorum
822 841 918 907 multi
944 843 1075 920 acriora,

107 963 177 1026 quos
193 957 312 1030 ponunt
335 967 425 1030 prona
449 946 479 1010 in
495 959 667 1028 conspectu
684 947 789 1023 animi,
814 967 884 1028 quae
899 969 1026 1012 camera
1042 959 1074 1012 ot

107 1047 210 1114 videre
226 1071 288 1115 non
305 1071 476 1134 possumus.
520 1048 604 1112 Nihil
628 1061 675 1114 est
690 1050 773 1114 onim
789 1051 819 1114 in
832 1057 942 1116 rerum·
953 1050 1074 1128 notura,

106 1153 193 1238 cujus
208 1173 264 1218 nos
288 1153 396 1218 nonin
421 1152 486 1218 allis
511 1153 602 1218 robus
628 1153 780 1236 possimus
804 1153 848 1218 uti
863 1155 1018 1220 vocabulo
1041 1167 1073 1218 et

105 1257 249 1322 nomina:
273 1259 355 1322 unda
366 1257 450 1322 onim
464 1256 562 1320 simile
574 1255 646 1320 duci
662 1267 774 1341 potest,
790 1257 907 1340 (potest
919 1272 1022 1324 autem
1035 1281 1073 1324 ex

105 1359 273 1446 omnibus)
300 1361 438 1426 indidem
460 1364 587 1424 verbum
605 1381 710 1438 unum,
735 1362 817 1442 quod
842 1360 1072 1427 similitudinem

105 1463 255 1542 continet,
267 1465 461 1550 translatum,
472 1464 576 1530 lumen
594 1463 682 1528 affert
698 1465 839 1529 orationi.
883 1464 959 1535 Quo
975 1465 1005 1530 ln
1020 1487 1072 1550 ga·

105 1569 323 1653 noraprirndm
338 1568 486 1653 fugienda
511 1579 557 1632 est
572 1566 803 1632 dissimilitudo:
828 1567 909 1632 Ooeli
930 1569 1073 1654 ingentes

94 1672 259 1760 fornices:
282 1672 421 1756 quamvis
444 1672 599 1755 sphaerom
623 1672 652 1736 in
679 1693 806 1736 scenam
823 1673 872 1756 (ut
886 1673 1010 1758 dicitur)
1027 1685 1071 1738 ut-

104 1775 206 1842 tulcrit
222 1777 359 1854 Ennius:
381 1787 486 1842 tomen
503 1775 533 1840 in
548 1774 669 1862 spnoeni
688 1775 812 1842 fornicis
827 1777 992 1846 similitudo
1008 1799 1072 1844 noa

103 1892 208 1966 potest
222 1881 335 1948 inesse.

349 2077 440 2091 ---
452 2050 525 2108 Viva,
536 2049 647 2113 Ulysses,
657 2051 714 2099 dum
727 2051 797 2100 licat:
931 2118 936 2131 ι

317 2131 399 2182 Oculis
410 2142 556 2196 postremum
568 2133 651 2182 luruao
663 2133 780 2181 radiatum
789 2147 853 2196 rapa.

101 2298 176 2366 Non
192 2299 278 2377 dixit,
291 2321 390 2386 capo:
412 2320 487 2374 non,
504 2309 598 2383 pete:
621 2297 751 2371 haberat
772 2298 855 2364 onim
871 2319 988 2364 moram
1002 2319 1070 2384 ape·

100 2403 197 2468 rantis
209 2402 322 2470 diutirls
333 2424 401 2468 esso
413 2423 480 2467 sesa
493 2403 664 2478 victurum:
685 2403 739 2466 sad
750 2425 847 2488 rope:
871 2403 930 2468 hoc
943 2402 1070 2468 verbum

100 2518 148 2572 est
164 2507 203 2571 ad
227 2508 256 2572 id
274 2517 425 2592 aptatum,
440 2507 524 2590 quod
541 2509 612 2572 anti
627 2507 757 2584 dixerat,
770 2507 840 2572 dum
855 2507 934 2574 licet.
978 2507 1072 2574 Dein·

99 2611 140 2676 de
157 2611 323 2676 videndum
337 2623 395 2687 est,
407 2631 446 2676 nc
462 2610 553 2696 longa
569 2611 666 2676 simile
682 2613 720 2676 sit
732 2611 870 2678 ducturo.

142 2715 227 2780 XLl.
255 2715 371 2800 Syrtim
382 2713 573 2800 patrimonii,
594 2715 750 2800 scopulum
766 2713 908 2779 libentids
924 2714 1072 2792 dinarim3

100 2817 293 2904 Charybdim
317 2817 472 2896 donorum,
497 2817 677 2902 uoraginem
700 2818 820 2901 potiris:
843 2815 961 2882 lucilius
987 2817 1071 2882 anim

98 2923 140 2988 ad
156 2943 205 2999 ca,
219 2941 290 3008 quas
304 2923 378 3000 risa,
403 2924 496 3004 qudm
513 2920 552 2984 ad
580 2919 631 2984 illa
646 2941 718 3004 quae
732 2919 839 2985 audita
853 2933 934 2998 sunt,
959 2921 1072 2986 mantis

96 3027 182 3094 oouli
207 3027 353 3092 seruntur.
399 3025 439 3090 Et
464 3023 612 3107 quoniam
638 3023 706 3088 hmo
722 3027 770 3088 rai
794 3041 916 3093 summa
942 3023 1071 3092 lausast

68 3135 71 3142 ⁴
95 3129 199 3196 vorbis
212 3127 439 3206 transferendis,
450 3139 483 3194 ut
495 3145 619 3192 sensum
634 3126 724 3192 serint
737 3127 779 3205 id,
791 3129 873 3213 quod
887 3127 1071 3194 translatum

95 3234 156 3312 sit:
177 3233 324 3320 fugienda
340 3245 387 3298 ast
402 3233 502 3298 omnis
517 3231 674 3316 turpitudo
688 3251 795 3297 aarum
811 3251 922 3310 rerum,
938 3231 978 3296 ud
993 3253 1072 3317 quas

95 3336 205 3406 corum
234 3338 365 3414 animos,
389 3336 442 3420 qui
471 3333 610 3414 audiunt,
637 3335 739 3402 trahet
765 3335 942 3402 similitudo.
985 3335 1072 3403 Nolo

93 3455 199 3508 morta
213 3441 275 3508 diai
290 3439 430 3508 Africani
444 3451 611 3509 castratam
636 3459 704 3505 essa
725 3437 973 3525 rempublicam:
995 3441 1070 3506 nolo

92 3537 215 3616 alnou:
229 3547 326 3612 cumea
339 3543 401 3612 dici
417 3543 603 3610 Glauciam:
625 3545 765 3628 quamvis
779 3543 818 3610 sit
833 3532 942 3622 simili,
963 3555 1070 3610 tamen

92 3664 146 3724 ast
170 3652 201 3720 in
228 3663 358 3738 utroquo
383 3649 530 3720 deformis
549 3649 704 3740 cogitatio
726 3647 943 3718 similitudinis.
984 3647 1072 3716 Nolo
