2400 3980
332 161 376 206 na
391 161 542 206 ouauosn
558 161 655 204 araas
670 163 799 208 seruus.
950 188 953 192 -
1030 147 1049 204 9

88 305 227 373 calenum
243 310 431 376 contulisse:
452 311 572 377 reabse
594 311 707 378 eodem
730 333 871 378 socerum
897 314 973 400 ejus,
997 310 1049 397 qui

88 410 171 480 luisse
186 414 328 485 Quintus
344 415 467 484 Mucius
481 417 654 493 dicebatur,
666 428 698 482 et
712 417 757 482 M.
770 417 934 497 Antonius,
955 419 1050 482 homo

89 526 117 580 et
125 518 324 583 consiliorum
339 519 370 584 in
381 519 540 603 republicd
550 521 663 598 socius,
674 533 707 586 et
717 520 839 586 summi
850 543 922 586 cum
937 523 1051 592 Orare

87 620 294 690 familiaritate
305 625 499 710 conjunctus.
523 625 673 690 Exierant
682 636 788 691 autern
801 645 873 690 cum
886 627 953 710 ipso
962 627 1051 692 Cran-

86 727 665 806 soedolcscenteaduo,Drusimaxime
675 731 891 808 familiares,et
901 730 931 794 in
942 729 1052 813 quibus

87 852 230 917 magnam
248 844 315 898 tum
325 855 414 918 spem
436 833 569 920 majores
584 847 659 900 natu
672 836 905 920 dignitatissure
920 833 1052 900 collocal·

86 949 160 1013 rant,
170 937 206 1002 C.
223 937 332 1015 Cotta,
346 938 399 1022 qui
413 949 479 1003 turn
496 939 686 1005 tribunatum
702 941 801 1024 plebis
816 941 956 1024 petebat,
970 949 1002 1005 et
1017 939 1051 1004 Ρ.

87 1041 249 1126 Sulpicius,
262 1042 314 1124 qui
323 1043 474 1126 deinceps
486 1065 557 1107 eum
574 1045 790 1128 magistratum
803 1046 953 1128 petiturus
964 1054 1052 1129 puta-

86 1143 181 1211 batur.
225 1146 271 1210 Hi
282 1147 380 1230 primo
395 1148 446 1212 die
461 1149 500 1212 de
516 1149 707 1232 temporibus
722 1148 788 1226 illis,
799 1149 901 1232 deque
913 1147 1053 1214 universa

86 1251 254 1334 republiob,
278 1265 372 1334 quam
388 1252 430 1315 ob
445 1273 573 1316 causam
588 1265 749 1330 venerant,
771 1254 902 1320 multbm
916 1253 996 1318 inter
1019 1273 1053 1316 sa

86 1377 178 1439 usque
199 1357 243 1420 ad
269 1366 441 1440 extremum
468 1369 590 1440 tompus
605 1357 666 1420 diei
691 1358 838 1422 collocuti
853 1368 933 1422 sunt.
977 1357 1053 1426 Quo

85 1461 211 1542 quidem
225 1461 257 1524 in
272 1481 415 1546 sermone
427 1460 525 1524 multa
539 1460 684 1524 divinitus
697 1482 723 1536 a,
731 1460 826 1524 tribus
841 1461 897 1525 illis
912 1459 1054 1524 comula·

85 1564 162 1630 ribus
188 1565 289 1628 Cotta
317 1565 481 1648 deplorata
506 1574 538 1628 et
563 1575 813 1630 commemorate
838 1564 995 1639 narrabat,
1020 1573 1054 1630 ut

84 1668 154 1734 nihil
167 1668 328 1733 incidisset
340 1668 582 1752 posteaciviteti
598 1669 680 1746 meli,
695 1669 780 1752 qnod
795 1691 857 1732 non
873 1668 1053 1753 impendere

83 1761 121 1836 illi
144 1773 235 1838 rento
252 1775 324 1837 ante
340 1773 506 1857 vidissent:
529 1796 568 1840 eo
584 1783 690 1838 eutem
716 1774 802 1838 omni
817 1793 961 1838 sermone
978 1793 1051 1836 con·

84 1876 175 1954 secto,
192 1887 314 1942 tantam
325 1877 356 1940 in
369 1870 482 1941 Crasso
495 1877 723 1942 humanitatem
734 1878 840 1955 luisse,
852 1889 896 1955 ut,
905 1879 977 1942 olim
989 1876 1053 1942 lau·
1143 1925 1146 1934 .

85 1981 107 2044 ῑί
121 1981 351 2057 accubuissent,
377 1981 533 2046 tolleretur
559 1981 659 2046 omnis
673 1981 727 2046 ille
742 1982 908 2065 superioris
933 1981 1055 2046 tristitia

85 2086 379 2180 sermonisseaque
375 2095 457 2149 esset
471 2085 502 2149 in
444 2085 643 2152 thominc
654 2086 844 2200 jucunditas,
858 2095 889 2150 et
905 2094 1009 2149 tantus
1024 2084 1055 2148 in

21 2179 23 2230 3
82 2161 220 2274 jocando
235 2190 338 2274 lepos
353 2175 392 2253 ul
417 2190 482 2254 dies
508 2190 587 2254 mter
598 2211 653 2252 eos
667 2189 761 2251 ouriae
784 2189 876 2252 luisse
892 2189 1055 2270 videretur,

85 2295 256 2358 convivium
273 2292 454 2357 Tusculani.
499 2293 629 2356 Postero
650 2290 1055 2366 autemdie,cl1millima·

82 2398 163 2482 joras
177 2409 255 2462 natu
271 2396 348 2460 satis
373 2395 539 2480 quiessent,
564 2395 641 2460 etin
668 2394 913 2462 ambulationem
928 2407 1055 2462 ventum

85 2513 174 2578 esset,
189 2501 319 2566 dicebat
345 2512 422 2576 tum,
448 2499 635 2576 Semvolam,
661 2495 783 2564 duobus
799 2487 905 2584 spoliis
921 2497 1055 2564 tribusve
1085 2487 1116 2518 '⁴

84 2607 186 2684 sactis,
211 2606 342 2670 dixisse:
368 2604 431 2668 Cur
456 2625 520 2668 non
546 2605 712 2681 imitemur,
739 2604 862 2680 Crasse,
888 2603 1055 2673 Socratem

84 2711 178 2788 illum,
204 2710 257 2793 qui
273 2719 320 2772 est
345 2709 376 2772 in
400 2707 532 2772 Phaedro
558 2707 719 2772 Platonisl
742 2729 817 2771 nam
839 2728 890 2770 me
906 2707 975 2772 hese
1000 2718 1056 2772 tua

83 2815 228 2899 platanus
241 2812 413 2887 admonuit,
423 2833 493 2894 quae
509 2825 571 2874 non
587 2811 687 2874 mimis
704 2811 743 2875 nd
756 2810 959 2924 opacandum
971 2809 1054 2876 hunc
1087 2880 1090 2885 ,

74 2920 186 3042 'lpcum
202 2918 315 3004 patulis
330 2916 498 2982 estdiffusa
509 2915 613 2992 ramis,
628 2917 721 2997 quam
737 2913 799 2990 illa,
810 2913 896 2998 cujus
911 2912 1055 2978 umbram

71 2987 208 3101 ⁴secutus
233 3033 281 3088 est
305 3021 463 3098 Socrates,
478 3041 550 3104 quae
576 3019 649 3082 mihi
675 3019 794 3082 videtur
809 3039 873 3082 non
900 3029 965 3082 lam
989 3018 1056 3103 ipsa

85 3128 208 3215 equale,
218 3148 289 3212 quae
298 3125 492 3202 describitur,
500 3144 595 3207 quem
607 3123 745 3187 Platonis
755 3126 896 3188 oratione
908 3123 1054 3188 crevisse·

83 3247 114 3300 et
128 3232 215 3318 quod
239 3231 288 3294 ille
311 3219 479 3294 durissimis
503 3227 635 3311 pedibus
658 3226 742 3304 fecit,
764 3237 798 3290 ut
812 3249 846 3290 se
862 3227 1010 3312 abjiceret
1024 3227 1054 3290 in

83 3340 227 3412 herbam,
252 3328 405 3418 atqueitn
429 3332 491 3408 illa,
510 3351 580 3415 quse
595 3330 770 3415 philosophi
795 3331 939 3396 divinitus
954 3331 1056 3396 ferunt

82 3463 153 3508 esse
169 3441 266 3515 diota,
281 3438 467 3523 loqueretur,
482 3435 512 3499 id
530 3435 605 3504 meis
621 3435 751 3520 pedibus
763 3437 847 3500 certb
863 3436 995 3500 concedi
1008 3445 1055 3500 ast

83 3546 213 3630 aquius.
248 3541 340 3606 'Tum
353 3541 519 3605 Crassum:
542 3540 644 3604 immo
654 3537 725 3604 verb
737 3539 933 3604 commodius
942 3539 1057 3614 etiami

84 3649 290 3734 pulvinosque
317 3644 509 3730 poposcisse,
530 3654 563 3708 et
588 3663 698 3708 omnes
723 3643 811 3708 iniis
835 3643 970 3717 sedibus,
984 3659 1056 3724 queo

82 3763 173 3824 orent
183 3749 241 3819 sub
257 3749 396 3836 platano,
410 3745 588 3814 consedisse
603 3744 737 3810 dicebat.
