2458 3972
76 87 81 96 ·
150 76 212 151 21⁶
362 94 424 162 wrur
444 91 595 150 errrorr
617 46 884 147 moruncurten·

150 240 221 319 cruri
244 239 360 348 durior
385 239 499 326 potuit,
513 239 609 326 ,prou
622 239 675 316 iiic
700 241 852 313 nonnum
873 239 1062 326 irrcstigirit
1089 249 1125 312 ct

150 344 265 422 scierit,
279 357 344 410 tum
359 345 453 410 etium
464 345 691 428 conscripserit.
734 345 840 420 Nunc,
850 344 1123 428 commmunione

152 449 192 530 cd
208 448 341 514 honoros
357 448 585 534 adipiscendos,
600 449 682 519 etrd
699 448 923 532 rempubiicrm
935 449 1123 532 purcrrdsm,

139 553 225 619 ‘nudi
252 553 379 634 ueniunt
405 563 499 635 atque
521 551 672 628 inermes3
694 551 778 622 nuiiri
799 549 980 635 cognitione
1006 571 1125 628 rerum,
1208 599 1210 620 ,

151 655 235 732 nuliis
249 655 378 721 scicntid
393 653 503 720 ornati.
525 709 526 712 ,
546 653 600 719 Sin
610 653 728 737 ‚aliquis
741 654 865 738 excellit
880 673 958 721 unus
968 676 986 721 c
997 654 1124 730 multisr
1209 647 1210 652 ¹

152 759 241 824 effert
256 781 299 834 se,
313 759 337 822 si
353 779 446 820 unum
460 756 572 838 aliquid
586 756 729 832 effert,ut
740 757 885 822 bellicum
897 757 1051 834 virtutem,
1066 767 1123 822 nur

153 882 241 926 usum
257 862 391 944 aliquem
407 859 580 936 militarem,
601 861 685 942 (quur
700 851 775 926 seui
790 883 874 929 nuuc
888 861 1014 942 quidem
1030 860 1124 929 obso-
1148 941 1150 944 Ι

155 967 317 1048 iecerunt,)
344 975 398 1028 sut
409 964 484 1048 juris
498 965 671 1041 scientiam,
694 965 812 1050 noejus
838 965 961 1046 quidem
979 965 1126 1041 uniuersi,
1207 960 1210 1052 1

155 1067 243 1156 (nam
259 1067 463 1152 pontificium,
489 1068 572 1150 quod
598 1081 645 1134 est
660 1069 871 1152 conjunctum,
895 1090 991 1137 nomo
1004 1069 1124 1151 dicuin)

155 1185 209 1239 out
223 1171 444 1254 eloquentium,
457 1191 551 1254 quum
567 1173 596 1236 in
613 1172 749 1236 clamore
763 1172 836 1238 etin
851 1173 1015 1238 verborum
1030 1193 1124 1236 cursu
1208 1232 1210 1258 ,

154 1275 288 1362 positam
310 1286 439 1358 putant:
463 1275 602 1340 omnium
626 1278 698 1340 vero
724 1276 875 1344 bonarum
898 1275 1019 1352 artium,
1036 1276 1127 1340 deni·
1209 1333 1210 1368 ,

155 1401 216 1462 quc
231 1379 376 1443 virtutum
391 1379 536 1462 ipsarum,
555 1376 738 1444 societatem
753 1379 1038 1463 cognationemque
1058 1401 1124 1447 uon

156 1482 276 1562 ndrunt.
1209 1467 1210 1502 ¹

195 1587 343 1652 XXXIV.
368 1587 487 1664 Sed,ut
498 1587 538 1650 ud
551 1587 679 1652 Graecos
694 1587 824 1654 referum
841 1587 1025 1664 orationem,
1041 1587 1125 1669 (qui
1209 1585 1210 1588 ¹

156 1691 213 1755 bus
228 1713 334 1756 carere
351 1693 379 1754 in
396 1681 456 1754 hoc
471 1691 594 1772 quidem
620 1692 769 1755 sermonis
795 1712 910 1774 genere
936 1711 998 1756 non
1017 1712 1125 1773 possu-

112 1815 114 1820 ’
158 1815 244 1869 mus3
264 1815 337 1860 nuru
353 1807 386 1857 ut
397 1795 513 1858 virtutis
529 1794 681 1870 anostris,
696 1793 740 1858 sic
755 1793 905 1858 doctrinae
921 1804 992 1858 sunt
1003 1793 1127 1870 abillis,
1207 1821 1210 1844 =

158 1897 301 1981 exemplu
316 1899 510 1982 repetends,)
530 1909 649 1980 septem
662 1897 753 1962 suissc
768 1899 912 1963 dicuntur
927 1919 989 1962 uuo
1001 1908 1127 1980 tempo·
1209 1947 1210 1980 ,

158 2023 201 2081 re,
216 2003 268 2086 qui
283 2000 438 2085 sepientes
454 2015 485 2066 ct
506 2001 740 2078 haberenturet
761 2014 957 2066 vocarentur.
1000 2001 1043 2064 Hi
1058 2023 1126 2066 orn·
1209 1999 1210 2084 1

158 2127 224 2183 nos,
234 2118 344 2190 praetcr
354 2104 507 2170 Milesium
520 2103 653 2180 Thalen,
665 2104 837 2171 civitatibus
849 2103 909 2168 suis
926 2105 1127 2188 praesucrunt.
1204 2085 1210 2129 '¹

158 2209 240 2280 Quis
254 2209 374 2274 doctior
389 2210 497 2272 iisdem
513 2207 568 2271 iilis
583 2208 783 2292 temporibus,
798 2221 851 2272 aut
866 2209 951 2292 cujus
976 2208 1127 2290 eloquiun*
1209 2207 1210 2220 ¹

159 2311 202 2377 tin
231 2313 323 2376 literis
348 2310 523 2375 instructior
548 2311 639 2376 fuisse
669 2313 807 2388 traditur,
835 2314 928 2396 qudm
954 2311 1127 2377 Pisistratii

160 2413 212 2498 qui
224 2415 337 2498 primus
353 2413 481 2478 Homeri
497 2415 599 2486 libros,
608 2415 754 2478 confusos
770 2425 873 2491 antes,
885 2416 928 2480 sic
940 2417 1129 2500 disposuisse

160 2519 282 2594 dicitur,
296 2529 328 2580 ut
343 2539 426 2584 nunc
441 2518 601 2582 hebemus.
644 2519 675 2580 N
678 2539 718 2582 ou
733 2519 788 2583 suit
805 2519 993 2602 ilioquidcrn
1009 2520 1130 2587 civibus

160 2623 221 2688 suis
236 2621 338 2698 utilis,
358 2623 411 2684 scd
434 2621 476 2684 itu
491 2621 665 2704 eloquentid
682 2621 794 2698 floruit,
820 2634 853 2686 ut
865 2623 958 2690 literis
972 2604 1129 2698 donnini·
1208 2611 1210 2638 ¹

160 2750 220 2811 que
237 2737 405 2812 praestaret.
450 2723 536 2794 Quid
552 2725 706 2791 Pericles?
729 2726 769 2790 dc
784 2726 870 2812 cujus
886 2728 1009 2798 dicendi
1034 2729 1130 2814 sopiri

161 2832 205 2896 sic
218 2830 407 2915 accepimus,
417 2839 460 2905 ut,
475 2830 547 2892 crim
561 2840 670 2892 contra
681 2829 873 2904 voluntatem
889 2830 1130 2899 Atheniensium
1209 2823 1210 2828 ¹

160 2937 335 3016 loqueretur
351 2954 406 3016 pro
426 2931 523 2996 salute
546 2933 664 3016 pstriae,
684 2933 817 2998 severius
840 2946 945 3009 tamen
970 2933 1001 2998 id
1016 2935 1130 3018 ipsum,
1209 2927 1210 2934 ¹

162 3036 245 3120 quod
271 3036 320 3099 iile
335 3049 444 3099 contro
470 3035 634 3118 populures
660 3036 799 3100 homiues
824 3037 958 3113 diceret,
978 3039 1130 3122 populare
1209 3075 1210 3078 ¹

161 3141 306 3212 omnibus
320 3152 350 3204 et
362 3139 534 3224 jucundum
554 3139 723 3212 videretur:
746 3136 832 3224 cujus
847 3141 876 3202 in
891 3140 984 3206 labris
1010 3155 1131 3210 veteres
1208 3155 1210 3222 j

163 3243 295 3320 Comici,
310 3243 404 3308 etiam
419 3245 490 3306 crim
506 3240 548 3305 ilii
562 3241 784 3310 maledicerent
805 3243 900 3328 (quod
916 3256 980 3309 tum
998 3245 1131 3310 Athenis
1209 3277 1210 3296 1

161 3347 227 3412 fieri
242 3346 380 3430 licebat,)
402 3346 539 3430 leporem
556 3342 708 3408 habitisse
724 3345 875 3428 dixerunt,
901 3357 1084 3430 tantamque
1101 3349 1131 3412 in
1209 3329 1210 3336 ¹

163 3471 202 3514 eo
217 3450 279 3513 vim
293 3448 396 3526 fuisse,
409 3460 442 3511 ut
452 3447 482 3510 in
498 3467 604 3512 eorum
622 3447 786 3526 mentibus,
797 3450 849 3532 qui
859 3449 1029 3528 audissent,
1040 3453 1133 3536 quusi
1209 3453 1210 3538 1

163 3552 288 3620 aculeos
314 3553 464 3635 quosdam
491 3549 686 3629 relinqueret.
730 3553 771 3616 At
790 3553 873 3618 hunc
899 3561 961 3619 non
978 3554 1135 3623 clamator
1209 3545 1210 3570 ¹
