2458 3972
1035 3 1039 5 *
1049 2 1165 10 -—-v-—-——
1175 6 1188 10 ..
1218 6 1227 8 ..

344 161 386 206 aa
408 157 560 206 carrona
583 154 682 204 araas
705 157 856 204 rrnrrcs.
1020 139 1080 201 917
1196 149 1199 162 ·

100 308 215 395 aliquis
231 309 270 374 ad
298 309 495 395 cleppsdram
511 309 624 376 latrarc
639 308 804 384 docuerat,
828 307 895 384 sed,
909 317 943 371 ut
959 303 1081 390 accepi·

101 435 185 492 mus,
199 414 419 480 Clazomenius
429 412 480 478 ille
497 415 713 498 Anaxagoras,
728 411 772 476 vir
786 431 925 477 summus
940 411 970 476 in
987 409 1081 475 maxi·

103 541 227 584 marum
255 539 357 583 rerum
379 517 517 584 scientie.
561 518 672 598 ltaque
688 517 738 582 hic
763 515 916 592 doctrine,
941 513 1081 590 consilio,

102 622 284 704 eloquentia
294 622 463 698 excellens,
478 621 687 706 quadraginta
698 642 797 684 annos
809 619 931 704 praeluit
941 618 1082 694 Athenis,

43 791 46 798 ,
105 737 140 792 et
152 727 278 790 urbanis
294 727 407 790 eodem
424 737 565 810 tempore
588 739 620 789 et
635 723 753 789 bellicis
768 723 868 789 rebus.
912 721 999 794 Quid
1016 720 1082 786 Cri·

105 832 189 897 tiasl
213 833 286 914 quid
300 830 503 896 Alcibiades?
526 829 702 894 civitatibus
714 826 775 893 suis
787 827 912 909 quidem
925 848 986 892 non
997 827 1082 904 boni,

106 937 162 1000 sed
180 937 263 1000 certe
275 935 360 998 docti
376 951 470 1016 atque
487 934 679 1016 eloquentes,
695 953 799 997 nonne
813 930 981 996 Socraticis
993 943 1082 996 erant

107 1039 369 1123 disputationibus
385 1037 518 1102 eruditil
541 1036 623 1107 Quis
640 1035 773 1100 Dionem
791 1035 990 1122 Syracusium
1009 1035 1083 1099 doc·

107 1144 195 1209 trinis
211 1144 354 1208 omnibus
378 1141 547 1226 expolivitl
571 1161 633 1203 non
654 1139 768 1205 Platol
792 1153 886 1224 atque
902 1160 972 1204 eum
1000 1138 1082 1202 idein

107 1247 159 1312 ille
175 1269 237 1311 non
264 1247 379 1331 lingue
401 1245 511 1322 solum,
536 1247 643 1308 verim
669 1245 764 1310 etiam
781 1243 876 1307 animi
903 1265 941 1307 ac
966 1243 1083 1308 virtutis

108 1353 268 1436 magister,
295 1353 333 1414 ad
351 1350 543 1417 liberandam
561 1347 693 1433 patriam
710 1347 840 1432 impulit,
863 1346 1013 1422 instruxit,
1039 1367 1084 1411 ar·

109 1456 216 1519 mavit.
271 1453 387 1518 Aliisne
418 1455 508 1538 igitur
535 1452 651 1518 artibus
678 1452 759 1516 hunc
790 1449 924 1514 Dionem
955 1449 1085 1514 instituit

109 1559 213 1638 Platp,
239 1558 304 1623 aliis
331 1557 485 1622 isocrates
511 1556 714 1622 clarissimum
744 1555 839 1618 virum
870 1553 1084 1630 Timotheum,

109 1662 260 1738 Cononis,
276 1660 519 1746 prestantissimi
531 1661 735 1745 imperatoris,
750 1659 857 1735 tilium,
871 1677 1027 1722 summum
1041 1657 1085 1742 ip·

109 1785 181 1830 sum
198 1767 429 1849 imperatorem,
455 1763 675 1847 hominemque
691 1762 926 1828 doctissimuml
950 1773 1004 1828 aut
1019 1761 1089 1827 ariis

111 1870 328 1953 Pythagoreus
343 1868 392 1934 ille
409 1869 496 1954 Lysis
512 1869 701 1934 Thebanum
720 1867 985 1951 Epaminondam,
1001 1866 1085 1932 haud
1132 1893 1135 1900 ·

110 1973 178 2038 scio
191 1995 230 2037 an
246 1993 400 2038 summum
412 1974 508 2038 uirum
522 1995 616 2036 unum
628 1973 727 2036 omnis
744 1970 893 2036 Graeciael
917 1980 971 2035 aut
981 1969 1085 2034 Xeno·

110 2077 198 2162 phon
219 2077 421 2162 Agesilauml
445 2091 499 2141 aut
514 2077 687 2142 Philolaum
704 2075 858 2160 Archytas
874 2073 1085 2138 Tarentinus?
1118 2091 1126 2108 ⁸

110 2193 168 2246 aut
193 2182 258 2265 ipse
275 2181 469 2276 Pythagoras
487 2193 586 2246 totam
613 2181 697 2245 illam
723 2191 860 2244 veterem
886 2175 985 2242 ltaliae
1001 2177 1087 2244 Gra*-

110 2283 207 2362 ciam,
222 2306 292 2366 quae
307 2286 466 2368 quondam
484 2307 599 2372 magna
615 2285 751 2350 vocitata
767 2284 836 2349 estl

156 2389 289 2454 XXXV.
325 2388 477 2472 Equidem
505 2412 567 2454 non
595 2389 738 2492 arbitrorp
790 2391 844 2456 Sic
870 2391 952 2457 enim
973 2390 1086 2468 uideo,

112 2513 209 2558 unam
226 2493 385 2575 quandam
401 2493 539 2558 omnium
553 2515 665 2572 rerum,
680 2515 750 2579 quse
766 2508 870 2561 essent
885 2496 1010 2561 homine
1022 2517 1087 2560 eru·

112 2597 181 2662 dito
206 2597 321 2682 dignae,
344 2609 492 2679 atquepeo
514 2598 567 2682 qui
592 2599 622 2664 in
638 2599 798 2686 republica
819 2601 911 2666 vellet
925 2600 1087 2676 excellere,

111 2701 207 2766 fuisse
223 2701 417 2777 doctrinam,
438 2725 532 2786 quam
549 2705 601 2786 qui
624 2705 830 2788 accepissent,
854 2706 878 2768 si
894 2704 988 2768 iidem
1002 2703 1087 2787 inge·

113 2805 169 2872 nio
195 2805 234 2869 ad
261 2805 526 2890 pronuntiandum
551 2807 729 2884 valuissent,
754 2820 786 2872 et
800 2829 833 2871 se
852 2808 891 2872 ad
918 2807 1086 2871 dicendum

114 2929 252 2992 quoque,
278 2929 341 2972 non
357 2922 552 2994 repugnante
574 2909 693 2988 nature,
718 2909 886 2987 dedissent,
911 2908 1088 2992 eloquentiis

115 3013 305 3098 prestitisse.
348 3013 457 3096 Itaque
473 3014 537 3097 ipse
553 3013 745 3092 Aristoteles,
762 3017 834 3080 edm
848 3015 957 3080 llorere
969 3015 1088 3081 Isocra·

115 3129 181 3182 tem
198 3116 361 3181 nobilitate
379 3117 600 3202 discipulorum
616 3119 743 3196 videret,
758 3119 840 3202 quod
864 3119 929 3204 ipse
944 3140 1015 3184 suas
1030 3119 1089 3184 dis·
1179 3185 1181 3192 ,

115 3219 297 3306 putationes
312 3223 444 3286 acautis
459 3221 630 3287 forensibus
642 3233 673 3286 et
685 3223 823 3288 civilibus
835 3225 874 3288 ad
887 3225 1012 3288 inanem
1028 3245 1089 3290 ser·

116 3325 218 3390 monis
234 3325 423 3410 elegantiam
450 3327 664 3405 transtulisset,
689 3329 819 3393 mutavit
845 3329 972 3412 repentia
987 3339 1087 3394 totam

116 3427 251 3496 sormam
267 3431 364 3514 prope
379 3429 550 3514 discipline
561 3453 636 3508 suae,
651 3451 831 3516 versumque
846 3431 1004 3516 quendam
1020 3433 1088 3498 Phi·

117 3531 244 3598 loctetae
267 3533 361 3617 peuld
375 3555 465 3598 secus
477 3535 562 3600 dixit.
605 3535 660 3600 Ille
676 3537 758 3601 enim
773 3549 862 3622 turpe
884 3535 941 3603 sibi
963 3537 1008 3602 ait
1021 3557 1087 3601 erra

117 3649 232 3716 tacere,
246 3637 311 3702 mim
322 3635 482 3716 tartaros,
494 3638 544 3704 hic
559 3651 677 3720 autem,
691 3642 756 3708 crim
776 3639 955 3722 Isocratem,
967 3656 1088 3730 putere·

585 3751 622 3812 te
