2466 3966
37 45 42 220 l
303 134 345 180 os
363 133 515 190 ouranos
537 135 636 178 arasa
656 135 841 184 sucuunus.
1010 117 1078 203 Ι81.

35 277 37 310 ”
68 279 123 342 lum
133 283 193 344 erit
206 291 446 346 testamentum
457 281 886 363 rectdfactummisiqucdtu
895 283 1065 366 scripseris,

66 401 169 445 omues
186 385 233 446 sd
246 396 283 446 te
299 385 385 446 cives
401 405 473 446 curn
490 385 605 449 tabulis
620 384 792 458 veniemus,
808 384 948 448 omnium
970 391 1065 450 te'stu·

66 494 166 547 mente
184 498 222 548 tu
254 486 377 548 scribes
401 476 500 550 uuus:
523 486 599 568 quid
626 485 738 569 igiturl
761 485 910 566 inquam:
934 487 1064 566 quando

38 625 44 640 ·
63 604 132 666 ages
149 588 329 670 negotium
356 587 540 670 publicum?
563 589 694 668 quando
710 585 909 650 amicoruml
927 589 1063 666 'quaudo
1143 647 1148 664 ,
1179 643 1185 650 ,

63 689 172 749 tuum?
198 689 338 770 quando
364 690 502 772 denique
528 689 603 753 nibil
630 690 725 773 egesl
746 701 815 752 tum
832 688 907 751 illud
934 687 1062 751 addidi:

62 787 134 851 Mihi
147 792 245 853 euim
263 790 340 854 liber
354 813 424 854 esse
440 813 504 854 uon
516 792 648 867 videtur,
663 791 716 874 qui
731 813 795 854 uon
821 788 992 871 aliquando
1019 789 1064 852 ni·
1081 783 1083 799 '

61 888 97 952 hil
112 894 195 975 agit.
248 893 286 956 Iu
302 893 365 975 qud
389 915 576 976 permaneo,
592 894 717 971 Catule,
733 893 912 958 senteutid:
936 911 1062 972 meque,

60 995 127 1056 cum
145 996 218 1058 huc
235 997 319 1070 veni,
346 997 406 1058 hoc
421 998 525 1078 ipsum
542 996 616 1060 nihil
633 1017 740 1079 agere,
755 1007 787 1058 et
803 995 897 1078 plane
924 1013 1061 1068 cessare,

60 1093 230 1162 detectae
264 1097 350 1160 Num
377 1100 462 1180 quod
488 1099 635 1162 addidisti
660 1099 797 1172 tertium,
823 1119 878 1160 vos
904 1117 1062 1170 ensesue,

60 1197 108 1274 qui
124 1197 233 1262 vitam
257 1199 420 1262 insuavem
435 1200 503 1268 siue
526 1201 572 1264 lris
583 1199 694 1263 studiis
709 1199 872 1282 putaretis,
887 1199 981 1262 idme
996 1218 1061 1260 nou

60 1298 156 1360 modo
174 1321 246 1362 non
263 1300 407 1363 hortatur
422 1304 462 1364 ed
478 1301 716 1384 disputandum,
732 1301 794 1362 sed
806 1300 902 1363 etiam
913 1300 1061 1364 deterret.

60 1395 255 1475 Num,utC.
279 1401 539 1476 Lucilius,h0mo
553 1402 666 1463 doctus
682 1411 715 1462 et
730 1399 1059 1481 perurbunus,‘dicere
1094 1405 1099 1411 “
1155 1459 1157 1463 .

60 1499 200 1576 solebat,
216 1523 266 1576 en,
279 1522 351 1583 quae
360 1502 522 1577 scriberet,
537 1523 642 1583 neque
658 1501 699 1564 eb
715 1499 938 1563 indoctissimis
953 1519 997 1570 se,
1007 1519 1059 1560 ue·

61 1617 119 1679 que
136 1603 183 1666 ab
202 1603 402 1678 doctissimis,
417 1605 480 1687 legi
495 1603 591 1678 velle;
613 1603 699 1684 quod
715 1601 805 1666 elteri
818 1601 895 1664 ,nihil
907 1599 1060 1684 intellige·

61 1714 139 1779 rent,
157 1705 251 1768 alteri
268 1704 336 1788 plus
351 1705 494 1782 sortasse,
515 1709 611 1788 quem
627 1706 694 1790 ipse
708 1708 802 1789 ;,qud
818 1706 915 1770 etiam
925 1703 1058 1787 scripsit,

55 1800 216 1870 ,Persium
230 1827 293 1870 nou
308 1828 384 1870 curo
400 1808 529 1890 legere:
553 1809 619 1890 (hic
645 1809 730 1874 enim
756 1809 825 1885 fuit,
839 1819 873 1872 ut
899 1807 1058 1880 ndramus,
1101 1845 1104 1850 ·

60 1907 207 1970 omnium
222 1905 286 1973 ferd
297 1920 475 1972 nostrorum
488 1911 650 1974 homiuum
665 1911 865 1974 doctissimus
875 1915 898 1992 ς)
922 1907 1057 1970 Laeliuru

63 2003 229 2081 Decimum
242 2009 314 2073 volo
328 2011 440 2094 (quem
456 2013 666 2095 cognovimus
682 2014 780 2075 virum
796 2013 928 2086 bonum,
942 2021 976 2074 et
991 2017 1055 2072 nou
1167 2071 1170 2078 ,

61 2107 256 2188 illiteratum,
272 2113 327 2176 sed
344 2113 419 2176 nihil
444 2115 485 2178 ad
508 2115 649 2178 Persium
662 2118 685 2197 ς)
707 2114 752 2176 sic
765 2134 837 2196 ego,
859 2113 963 2194 sijum
980 2110 1055 2172 mihi

62 2209 290 2296 disputandum
314 2215 354 2277 sit
377 2217 417 2280 de
434 2216 480 2279 his
507 2216 619 2280 nostris
643 2215 762 2290 studiis,
786 2214 884 2276 nolim
907 2211 1055 2292 equidem

63 2315 310 2394 apud‘rusticos
333 2317 389 2386 sed
415 2317 515 2380 multo
540 2317 643 2380 minus
670 2317 755 2398 apud
771 2332 845 2378 vos:
870 2313 954 2376 malo
970 2311 1055 2374 cuim

22 2414 26 2564 p
62 2431 126 2480 nou
144 2417 276 2500 intelligi
288 2419 466 2480 orationem
483 2439 589 2481 ursam
605 2417 707 2500 qudm-
716 2416 914 2500 reprehendi.
988 2401 989 2408 ἵ

23 2568 25 2622 4
103 2518 178 2584 Vll.
201 2519 287 2582 Tum
300 2519 419 2598 Cesar,
433 2519 601 2599 Equidem,
623 2519 734 2601 iuquit,
750 2519 874 2606 Catule,
885 2518 953 2602 jem
979 2516 1055 2580 milri

63 2618 172 2684 videor
187 2619 326 2712 ,narsus
353 2640 496 2702 operam,
522 2623 606 2700 quod
624 2622 694 2692 huc,
709 2622 867 2692 venerim:
890 2641 966 2684 num
986 2620 1056 2684 haec

61 2718 129 2801 ipsa
139 2715 301 2794 decusatin
315 2723 549 2804 disputationis,
564 2711 736 2805 disputatio
748 2723 896 2802 quaedam
910 2722 967 2784 fuit
980 2722 1055 2784 milri

62 2826 190 2902 quidem
215 2825 420 2908 perjucunda.
477 2825 542 2888 Sed
569 2845 625 2889 cur
652 2824 841 2906 impedimus
868 2821 1054 2896 Antonium,

63 2927 152 3010 cujus
180 2927 276 2990 audio
291 2947 361 2990 esse
387 2936 505 3009 partes,
521 2935 555 2986 ut
569 2926 612 2989 de
626 2925 694 2988 told
717 2921 897 3012 eloquentid
911 2923 1054 2999 disseret,

62 3025 417 3112 quemqusjumdudum
428 3028 526 3091 Cotta
539 3037 571 3090 et
581 3026 740 3108 Sulpicius
752 3025 961 3108 exspectanti·
982 3025 1054 3110 Ego
1103 3112 1106 3117 .

23 3178 26 3194 ,
63 3131 148 3206 verri,
164 3131 264 3213 inquit
274 3131 418 3210 Crassus,
430 3149 534 3210 nsque
550 3128 724 3194 Antonium
738 3128 869 3193 verbum
884 3129 991 3192 facere
1001 3115 1055 3210 pa·

62 3230 133 3305 tier,
148 3242 180 3294 et
196 3231 261 3315 ipse
277 3222 510 3307 obmutescam,
523 3230 581 3294 nisi
598 3229 682 3312 priris
694 3249 714 3292 a
725 3230 813 3292 vobis
830 3229 1054 3315 impetrdrc.--
1100 3271 1103 3277 f

64 3333 252 3404 Quidnam?
276 3334 376 3414 inquit
402 3332 543 3398 Catulus.
589 3331 633 3396 Ut
659 3330 712 3396 hle
730 3331 796 3395 sitis
809 3331 912 3398 hodie.
956 3327 1069 3406 Tum,'

64 3439 136 3509 edm
153 3434 203 3498 ille
228 3435 399 3511 dubitaret,
425 3436 510 3516 quod
535 3437 576 3498 sd
602 3434 732 3498 fratrem
748 3431 945 3515 promiserat,
969 3431 1053 3514 Ego,
1094 3431 1108 3442 ‘

65 3533 163 3627 iuquit
177 3536 289 3618 Julius,
305 3555 362 3622 pro
382 3548 515 3624 utroque
531 3537 728 3622 respondeo:
751 3535 796 3602 sic
812 3534 983 3600 faciemus:
1007 3543 1053 3600 at·

22 3614 28 3754 l

24 3779 28 3846 l
