2400 3980
354 123 399 164 os
423 119 576 166 onerosa
601 121 699 166 cisun
724 119 902 167 escuinus.
1085 110 1125 166 75

445 199 451 220 .

133 267 298 350 ejusmodi,
323 267 409 346 quod
436 264 484 330 uel
509 265 599 348 pueri
615 265 732 329 sentire
758 270 955 349 poteramus)
983 265 1068 330 illum
1094 278 1127 331 et

135 357 248 430 Graeob
264 365 311 430 sic
326 367 423 447 loqui,
449 367 568 430 nullam
583 377 618 430 ut
633 366 725 430 misse
741 367 836 430 aliam
853 367 995 451 linguam
1009 368 1128 432 videre·

134 479 195 544 tur,
221 477 254 532 et
268 467 452 531 doctoribus
475 469 589 532 nostris
614 489 655 533 ea
681 489 801 552 ponera
823 468 854 532 iu
876 469 1127 551 percunctando,

134 589 237 648 eaque
254 569 358 652 ipsum
372 569 460 632 omni
476 569 507 632 in
530 589 677 635 sermone
693 583 842 645 tractare,
867 581 902 632 ut
924 569 1000 632 nihil
1016 591 1084 635 esse
1100 571 1130 634 ei

125 690 264 746 novum,
290 669 365 732 nibil
388 669 565 734 inauditum
589 672 755 737 videretur
800 673 850 736 De
876 669 1019 734 Antonio
1045 672 1130 745 verri,

135 793 323 884 quanquam
345 776 430 880 spepb
446 793 485 835 ex
512 772 739 836 humanissimo
755 773 895 850 bomine,
921 783 1034 856 patruo
1060 791 1131 834 nos·

136 887 196 949 tro,
216 850 461 956 accepeiainus,
480 875 752 954 quemadmodum
779 873 831 938 ille
846 875 896 940 vel
922 872 1055 964 Athenis
1081 873 1130 936 vel

138 975 246 1038 Rhodi
261 995 295 1038 se
310 975 565 1038 doctissimorum
581 975 745 1038 hominum
759 975 957 1040 sermonibus
971 975 1133 1059 dedisset;

135 1087 250 1141 tamen
260 1079 328 1160 ipse
344 1076 610 1152 adolescentulus,
622 1087 776 1157 quantum
791 1077 888 1141 illius
881 1077 1017 1141 ineuntis
1029 1074 1131 1139 seratis

62 1203 71 1212 ·
138 1198 220 1243 meae
234 1179 415 1261 patiebatur
427 1180 540 1262 pudor,
552 1179 651 1242 multa
663 1201 700 1242 ex
717 1199 757 1242 eo
771 1182 857 1262 saepb
873 1178 1011 1259 quaesivi.
1056 1177 1132 1241 Non

135 1280 196 1344 erit
212 1280 355 1362 profecto
372 1277 439 1353 tibi,
465 1281 551 1359 quod
569 1281 685 1354 scribo,
710 1281 772 1342 hoc
798 1299 926 1356 novum,
952 1280 1077 1359 (nam
1066 1297 1134 1362 Jam

133 1395 205 1446 'tum
216 1402 257 1446 ex
273 1392 329 1445 me
341 1380 519 1462 audiebas)
536 1379 611 1442 mihi
628 1379 714 1459 illum
729 1401 766 1448 ex
783 1380 888 1481 quillis
903 1383 1058 1461 variisque
1073 1399 1134 1443 ser·

134 1482 297 1558 monibus,
312 1481 465 1545 nullius
437 1481 491 1556 rei,
507 1501 579 1562 quae
599 1445 760 1561 iiiiiilem
740 1491 823 1544 esset
839 1479 870 1544 in
886 1481 934 1544 his
950 1479 1078 1556 artibus,
1093 1481 1134 1543 de

134 1583 252 1665 quib‘us
268 1583 385 1665 aliquid
410 1581 592 1648 existimare
608 1601 745 1667 possem,
770 1583 882 1646 rudem
907 1591 962 1645 aut
988 1581 1134 1665 ignarum

138 1701 210 1750 esse
225 1685 335 1749 visum.
381 1685 446 1748 Sed
463 1683 520 1750 suit
536 1684 599 1761 hoo
615 1685 646 1748 in
658 1681 792 1769 utroque
808 1703 931 1760 eorum,
953 1694 988 1747 ut
1004 1676 1137 1772 Crassus

44 1844 47 1852 ,
81 1845 85 1854 ,
118 1843 124 1854 .
139 1807 206 1858 non
221 1774 289 1850 tam
301 1785 472 1850 existimari
487 1785 581 1850 vellet
596 1806 660 1850 non
677 1785 835 1863 didicisse,
850 1789 945 1868 quam
960 1786 1012 1849 illa
1035 1783 1137 1876 despi-

40 1889 66 1916 1¹·'
85 1881 104 1914 [ι
116 1881 226 1964 ²⁴eore,
238 1897 271 1952 et
282 1897 462 1952 nostrorum
478 1887 641 1950 hominum
658 1888 787 1951 inomni
805 1909 923 1971 genere
936 1885 1138 1971 prudentiam

141 1989 264 2053 Groeeis
280 1989 456 2054 anteferre:
483 1989 641 2053 Antonius
667 2001 774 2053 autem
801 1987 1048 2072 probabiliorem
1075 1989 1138 2053 boo

142 2091 261 2176 populo
277 2093 455 2181 orationem
474 2091 542 2156 fore
568 2091 722 2155 censebat
737 2109 839 2166 suam,
863 2091 889 2153 si
905 2091 1037 2152 omnino
1064 2089 1140 2153 didi·

91 2193 223 2287 cisse
233 2213 403 2300 qunquam
419 2203 601 2276 putaretur.
629 2203 724 2272 atque
740 2192 785 2254 ita
811 2212 845 2254 se
860 2201 991 2271 uterque
1017 2193 1139 2274 gravio·

6 2224 101 2350 ΙΝ
95 2284 111 2313 “
117 2265 303 2372 rabidis,
329 2295 355 2358 si
378 2295 457 2376 alter
475 2307 694 2369 contemnere,
720 2294 799 2356 alter
825 2313 866 2356 ne
892 2291 984 2356 nbsse
1009 2291 1139 2374 quidem

145 2397 279 2461 Groeeos
296 2397 463 2470 videretur.
513 2445 518 2454 ,
601 2432 604 2440 .

186 2498 338 2566 Quorrrm
352 2496 518 2559 eonsilium
531 2495 623 2576 quale
636 2463 744 2572 luerit,
740 2463 826 2559 nibil
843 2464 920 2559 sane
933 2497 974 2560 ed
988 2497 1050 2560 hoc
1062 2505 1140 2558 tem·

146 2618 214 2682 pus.
260 2598 340 2660 lllud
357 2607 465 2660 autem
481 2608 529 2660 est
544 2597 657 2681 hujus
650 2597 801 2660 institutae
816 2598 995 2682 scriptionis
1011 2620 1050 2662 ac
1062 2609 1141 2662 tem·

146 2700 241 2784 poris,
257 2699 419 2767 neminem
434 2697 623 2779 eloquentiis,
646 2720 709 2761 non
726 2701 824 2761 morlo
839 2699 907 2762 sina
922 2699 1052 2762 dicendi
1066 2701 1142 2762 doc·

146 2801 238 2879 trini,
252 2803 308 2865 sed
321 2823 362 2864 ne
373 2800 441 2864 sine
457 2801 542 2863 omui
559 2800 687 2880 quidem
699 2799 865 2881 sapientiis,
876 2801 989 2863 llorere
999 2819 1141 2881 unquam

147 2913 347 2985 etpraestare
363 2901 512 2985 potuisse.
605 2959 608 2966 .

192 3005 233 3089 ΙΙ.
257 2997 385 3068 Etenim
408 3014 536 3066 caeteras
559 3003 624 3064 fere
640 3013 724 3064 artes
749 3023 783 3065 se
800 3001 882 3120 ipsrp
891 3017 959 3122 per
963 3023 998 3067 se
1014 3015 1143 3068 tuentur

148 3093 296 3188 singula·
319 3104 518 3169 benedicere
534 3113 652 3178 autem,
664 3104 749 3185 quod
763 3113 824 3166 est
822 3097 908 3168 scioli
909 3105 1018 3180 ter,‘et
1032 3105 1143 3188 perite,

150 3217 183 3271 et
197 3210 309 3270 ornate
334 3207 452 3282 dicere,
478 3225 543 3312 uoq
551 3205 657 3310 hebet
681 3205 846 3271 delinitam
874 3206 1015 3287 aliquam
1041 3207 1143 3290 regio·

151 3325 236 3383 nem,
258 3308 346 3395 cujus
361 3307 501 3371 terminis
524 3319 616 3391 septa
631 3282 820 3372 t‘eiiesilua'
841 3293 971 3384 Omnia,
997 3326 1144 3389 quaeeun-

151 3429 214 3488 que
239 3409 268 3471 in
286 3409 449 3472 hominum
474 3409 740 3492 disceptationem
763 3411 880 3474 cadere
895 3421 1037 3494 possunt,
1060 3411 1169 3472 bene-

152 3521 225 3590 tuut
240 3511 268 3576 ei
284 3509 433 3585 dicenda,
458 3509 511 3596 qui
538 3512 599 3578 hoe
625 3531 659 3579 se
686 3503 779 3596 posse
805 3513 990 3595 profitetur3
1012 3510 1145 3573 autelo·
