2466 3966
113 151 155 208 90
335 167 379 212 nn
403 166 555 212 οιιιτοιιιι
579 161 678 210 arnna
701 158 902 228 accounts„
1005 205 1024 249 s

115 327 187 372 men
214 317 273 384 eat,
300 319 333 373 ut
358 309 433 373 mihi
459 307 589 392 quidem
608 310 749 383 uidetur,
774 307 907 376 dulcior.
957 303 1123 372 Minimus
1209 293 1210 304 ¹

113 419 192 472 natu
208 409 321 473 horum
337 411 480 476 omnium
495 410 645 486 Timaeus,
671 419 827 492 quantum
844 419 952 472 autem
963 408 1122 491 judicare

113 530 255 592 possum,
276 511 372 596 longe
388 513 626 588 eruditissimus,
651 523 684 576 et
699 531 804 574 rerum
819 509 913 592 copia
938 519 971 574 et
986 519 1124 576 senten-

114 609 229 674 tiarum
251 612 404 678 varietate
420 613 721 689 abundantissimus,
747 621 780 676 et
795 611 863 695 ipsd
877 611 1120 694 compositione

113 711 282 776 verborum
298 735 362 778 oon
378 715 550 796 impolitus,
576 735 729 798 magnam
746 713 964 794 eloquentiam
981 713 1022 777 ad
1038 712 1119 776 sori·

44 881 49 888 ,
113 813 256 878 bendum
269 816 385 892 attulit,
400 817 456 878 sed
469 816 589 880 nullum
606 837 697 878 usum
716 815 887 878 forensem.

157 915 240 978 Haec
254 920 329 979 cum
344 917 396 980 ille
411 917 550 991 dixisset,
566 915 655 984 Quid
671 926 729 989 est,
750 915 863 996 inquit,
888 913 1015 988 Catule,
1042 913 1119 976 Cae·

113 1017 187 1080 sart
211 1016 263 1079 ubi
279 1027 362 1091 sunt,
377 1017 431 1098 qui
447 1017 622 1080 Antonium
640 1017 754 1079 Graece
770 1025 891 1098 negant
907 1014 1010 1078 scire?
1033 1026 1118 1094 quot

113 1117 279 1180 historicos
295 1117 492 1180 nominavitl
519 1120 614 1197 quam
641 1116 797 1180 scienterl
820 1117 916 1195 qudm
933 1106 1058 1198 proprie
1070 1117 1116 1180 de
1178 1149 1192 1160 1·

113 1229 307 1301 unoquoque
323 1219 423 1302 dixitl
446 1220 495 1295 Id,
521 1219 714 1294 mehercule,
738 1217 839 1300 inquit
855 1217 990 1280 Catulus
1012 1217 1117 1280 admi·

113 1341 197 1397 rans,
222 1321 297 1383 illud
310 1321 377 1404 jam
395 1320 500 1384 mirari
515 1321 638 1397 desino,
662 1321 749 1402 quod
777 1319 876 1383 multo
905 1319 1010 1402 magis
1034 1322 1115 1382 ante

112 1421 263 1497 mirabar,
279 1422 376 1498 hunc,
392 1425 465 1486 clim
483 1423 552 1487 haec
569 1423 717 1498 nesciret,
733 1423 764 1485 in
780 1405 919 1484 diceudo
935 1442 1028 1503 posse
1044 1431 1117 1484 tau·

112 1535 191 1587 tum.
237 1525 347 1606 Atqui,
374 1525 499 1600 Catule,
526 1525 628 1610 inquit
644 1525 813 1598 Antonius,
838 1545 904 1612 non
920 1543 982 1605 ego
999 1523 1116 1586 utilita-

113 1635 179 1688 tem
196 1623 335 1706 aliquam
352 1628 393 1688 ad
414 1625 588 1690 dicendum
613 1647 790 1708 aucupans,
818 1627 930 1690 horum
946 1624 1053 1700 libros,
1079 1638 1114 1688 et
1135 1623 1138 1630 ⁴

113 1725 282 1788 nonnullos
303 1726 392 1800 alica,
407 1727 463 1788 sed
479 1725 701 1790 delectationis
717 1726 824 1802 oausd,
841 1729 914 1788 cium
930 1736 978 1790 est
1001 1727 1115 1802 otium,

113 1827 221 1910 legere
236 1825 334 1890 soleo
380 1827 469 1896 ttuid
486 1849 563 1909 ergo
586 1828 657 1890 estl
681 1827 805 1891 fatebor
817 1846 831 1898 ε,
849 1828 966 1908 aliquid
983 1839 1114 1892 tamen:

114 1939 160 2004 ut,
175 1933 249 1990 cium
267 1929 297 1992 in
313 1929 380 1992 sole
396 1930 568 2005 ambulem,
587 1927 823 2019 etiamsi-aliam
839 1931 881 2012 ob
897 1951 1029 1993 causam
1047 1952 1115 1996 am·

113 2031 232 2106 bulem,
247 2032 313 2096 lieri
330 2032 442 2094 naturd
459 2043 579 2106 tamen,
605 2040 643 2094 ut‘
655 2015 801 2108 colorari
819 2033 875 2108 sic,
902 2036 975 2095 cum
992 2032 1069 2096 istos
1082 2033 1116 2096 li·

114 2134 187 2198 bros
204 2135 244 2198 ad
261 2125 421 2198 Misenum
438 2137 528 2217 (uam
544 2135 659 2198 Romae
676 2134 724 2196 vix
741 2135 828 2216 lieet)
844 2135 1013 2198 studiosius
1028 2134 1116 2220 lege·
1151 2130 1159 2148 ‘

113 2237 183 2311 rim,
209 2238 312 2300 sentio
328 2236 506 2300 orationem
534 2258 639 2300 meam
666 2237 790 2300 illorum
806 2246 896 2298 tactu
922 2236 1013 2317 quasi
1029 2236 1116 2300 colo-

112 2340 184 2402 rari.
230 2339 307 2413 Sed,
323 2359 363 2401 ne
375 2339 468 2400 latids
484 2339 546 2401 hoc
558 2339 646 2400 vobis
660 2349 770 2421 patere
783 2338 937 2413 videatur,
953 2338 1022 2400 haec
1036 2339 1116 2402 dun·

113 2449 203 2502 taxat
219 2439 248 2500 in
274 2439 395 2502 Graecis
418 2439 570 2522 intelligo,
595 2459 667 2520 quae
684 2439 751 2522 ipsi,
772 2440 825 2519 qui
840 2441 1045 2522 scripserunt,
1061 2461 1116 2504 vo·

112 2541 238 2604 luerunt
251 2539 375 2621 evulgo
387 2540 533 2622 intelligi:
556 2542 586 2602 in
599 2540 805 2622 philosophos
817 2553 936 2604 vestros
947 2542 971 2604 si
982 2543 1114 2622 quando

113 2642 221 2717 incidi,
246 2643 401 2725 deceptus
425 2641 581 2704 indicibus
598 2642 759 2718 librorum,
785 2643 870 2724 quod
887 2644 1043 2708 sumsere
1071 2645 1115 2708 in·

113 2744 221 2828 scripti
236 2745 277 2808 de
294 2744 387 2808 rebus
404 2744 486 2806 notis
498 2754 530 2806 et
546 2743 724 2819 illustribuS,
740 2747 781 2809 de
794 2747 918 2821 virtute,
931 2747 971 2808 de
983 2746 1115 2828 justitia,

113 2846 155 2909 de
177 2847 357 2922 honestate,
379 2847 420 2910 de
435 2846 610 2929 voluptate,
628 2847 758 2910 verbum
777 2869 902 2930 prorsus
925 2847 1045 2910 nullum
1069 2849 1113 2914 in·

22 2957 23 3032 J
113 2947 241 3030 telligo:
266 2947 311 3009 ita
336 2959 409 3010 sunt
425 2948 567 3034 angustis
581 2961 619 3014 et
634 2949 771 3012 concisis
797 2949 1064 3030 disputationilms
1080 2951 1112 3014 il-

22 3097 24 3112 2
72 3062 81 3078 ’
113 3047 221 3132 ligati!
246 3049 362 3112 Poetae
378 3051 520 3126 omnino,
546 3051 636 3131 quusi
652 3051 713 3114 alid
738 3050 877 3132 quddam
894 3050 1002 3134 linguai
1028 3053 1112 3116 locu-

114 3160 174 3224 tos,
190 3171 254 3212 non
269 3171 371 3213 conor
387 3151 564 3234 attingere:
589 3173 664 3215 cum
680 3153 726 3216 his
743 3173 794 3215 ms
815 3153 865 3233 (ut
880 3152 958 3236 dixi)
975 3153 1112 3231 oblecto,

114 3251 168 3333 qui
184 3273 233 3314 res
249 3262 367 3336 gestas,
394 3263 448 3314 aut
463 3254 516 3340 qui
542 3255 703 3318 orationes
729 3255 923 3338 scripserunt
947 3278 1032 3334 suas,
1058 3271 1111 3321 aut

22 3377 23 3436 3
114 3353 168 3436 qui
184 3353 228 3415 ita
252 3353 432 3435 loquuntur,
457 3366 492 3417 ut
508 3357 673 3419 videantur
696 3357 832 3424 voluisse
847 3357 950 3435 nobis,
977 3361 1029 3440 qui
1047 3381 1111 3424 non¹
1138 3411 1149 3440 ,

22 3443 24 3446 ⁵
113 3474 222 3522 sumus
237 3454 449 3532 eruditissimi,
464 3477 533 3520 esse
549 3457 729 3522 familiares
