2400 3980
164 133 202 190 58
404 149 446 192 na
469 147 617 192 carnosa
640 147 736 190 araca
759 147 887 192 natans.

163 305 233 362 sunt
252 295 389 372 diversa,
410 307 502 379 atque
522 295 688 381 sejunctae3
708 315 807 377 neque
822 293 930 358 eddam
948 294 1080 360 ratione
1107 315 1157 360 ac

164 399 269 466 viaM.
287 401 426 478 Cato,P.
444 399 675 477 Africanae.
696 398 908 474 Maternae.
932 397 1154 480 Laelius,qui

163 525 271 570 ornnes
283 505 462 588 eloquentes
474 505 606 580 fuerunt,
618 503 789 568 orationem
799 523 898 578 suam,
909 511 941 566 et
950 500 1153 586 reipublicae

163 609 353 693 dignitatem.
362 609 565 675 exornabant.

202 713 239 779 L.
263 713 374 795 Neque
385 714 466 776 enim
476 727 524 776 est
533 713 728 776 interdictum
740 723 793 776 aut
803 733 821 774 a
833 731 934 776 rerum
945 710 1071 788 natura,
1085 723 1149 774 ant

162 816 262 900 alege
275 816 376 898 aliqua
388 827 481 899 atque
494 837 590 892 more,
606 828 658 880 aut
670 815 794 900 singulis
803 815 994 891 bominibus,
1010 835 1053 878 ne
1072 835 1147 878 arrr-

161 917 250 1004 plids,
262 919 500 1003 qdanlsingnlas
513 930 604 996 artes,
616 917 704 984 nbsso
716 909 818 984 liceat.
864 919 974 990 Quare
986 939 1065 994 non,
1078 919 1145 982 etsi

100 1051 105 1060 ·
161 1024 427 1105 eloquentissimus
445 1024 574 1088 Athenis
589 1023 733 1099 Periclen,
747 1023 892 1106 idemque
905 1023 935 1086 in
952 1022 989 1086 ed
1004 1022 1145 1087 civitate

162 1127 308 1210 plurimos
323 1149 421 1191 annos
436 1129 578 1218 princeps
590 1128 708 1202 consilii
720 1126 833 1210 publici
845 1126 910 1204 fuit,
925 1127 1042 1190 idcirco
1055 1127 1143 1211 ejus·

161 1229 235 1294 dem
257 1230 388 1294 hominis
411 1242 503 1314 atque
524 1233 595 1296 artis
619 1243 748 1315 utraque
769 1230 902 1295 facultas
924 1231 1141 1294 existimanda

162 1347 224 1411 est3
246 1357 315 1414 nec,
326 1337 350 1399 si
363 1336 396 1401 P.
410 1337 537 1400 Crassus
550 1337 632 1400 idem
644 1336 699 1400 fuit
710 1335 867 1416 eloquens,
878 1334 991 1419 etjuris
1003 1334 1139 1417 peritus,

162 1441 204 1503 ob
219 1461 288 1504 earn
304 1461 431 1504 causam
447 1440 526 1504 inest
541 1441 571 1504 in
585 1439 733 1505 facultate
745 1439 868 1503 dicendi
878 1437 952 1523 juris
967 1438 1063 1502 civilis
1075 1437 1138 1506 soi-

162 1543 256 1607 entia.
300 1543 383 1606 Nam
395 1544 419 1606 si
431 1544 569 1628 quisque,
582 1555 614 1607 ut
628 1544 657 1608 in
674 1541 852 1626 aliqudarte
870 1552 902 1606 et
919 1541 1069 1606 facultate
1081 1561 1134 1606 ex·

163 1646 287 1721 callens,
303 1646 393 1709 aliam
407 1667 530 1728 quoqne
545 1658 643 1711 artem
656 1646 713 1709 sibi
725 1646 911 1722 assumserit,
926 1646 970 1710 ita
979 1645 1133 1730 perficiet,

164 1762 207 1824 ut,
232 1749 314 1830 quod
331 1759 480 1832 praeterea
495 1749 581 1826 sciet,
606 1748 637 1812 id
652 1749 783 1834 ejus,<in
806 1770 867 1831 quo
890 1749 1031 1826 excellet,
1057 1769 1132 1833 pars

162 1853 308 1934 quaedam
322 1873 389 1915 esse
409 1852 565 1916 videatur:
588 1851 660 1916 licet
686 1851 743 1915 ista
757 1853 876 1916 ratione
891 1852 1043 1929 dicamus,
1068 1852 1131 1935 pilei

163 1955 261 2033 bene,
279 1967 311 2019 et
326 1955 492 2020 duodecim
507 1955 626 2040 scriptis
650 1955 766 2032 ludere,
791 1937 948 2040 proprium
975 1977 1041 2022 esse
1052 1959 1128 2040 juris

163 2059 268 2137 civilis,
282 2048 610 2142 qnoniam'ntrumqne
625 2080 731 2124 eornm
747 2059 791 2138 Ρ.
808 2059 930 2124 Mucius
955 2061 1070 2144 optime
1083 2060 1127 2124 fe·

163 2164 258 2244 ecrit,
279 2163 449 2246 eademqne
462 2165 581 2230 ratione
593 2165 745 2242 dicantur,
757 2175 789 2228 et
803 2185 881 2246 quos
895 2168 1009 2244 φυσικοὺς
1024 2163 1126 2228 Graeci

163 2269 335 2345 nominant,
357 2268 448 2332 iidem
470 2273 581 2353 podtae,
596 2269 743 2352 quoniam
760 2265 969 2351 Empedocles
984 2267 1124 2350 physicus

163 2373 323 2456 egregium
340 2375 452 2456 poema
467 2373 583 2438 fecerit.
625 2374 667 2437 At
683 2373 743 2437 hoc
758 2393 797 2436 ne
813 2371 987 2456 philosophi
1002 2371 1123 2452 quidem

163 2476 231 2575 ipsi,
245 2476 295 2556 qui
306 2476 421 2551 omnia,
436 2475 515 2540 sicut
530 2477 663 2559 propria,
677 2497 733 2540 sna
752 2497 830 2553 esse,
846 2487 940 2557 atque
956 2497 974 2538 a
989 2495 1022 2538 se
1034 2475 1123 2557 possi-

164 2557 229 2663 deri
244 2579 359 2655 volunt,
384 2574 487 2643 dicere
503 2581 629 2655 audent,
654 2580 869 2664 geometriam,
898 2590 952 2642 ant
967 2577 1121 2656 musicam,

164 2655 337 2767 pbilosopbi
362 2703 440 2760 esse,
465 2683 537 2764 quia
563 2683 726 2748 Platonem
752 2704 860 2748 omnes
875 2683 905 2747 in
932 2683 987 2748 illis
1013 2684 1119 2748 artibus

164 2787 447 2880 praestantissimum
472 2787 564 2850 fuisse
590 2787 754 2852 fateantur.
788 2788 856 2868 ‚Ac,
881 2788 905 2851 si
927 2788 992 2872 jam
1014 2787 1119 2870 placet,

162 2913 272 2956 omnes
288 2902 368 2955 artes
384 2892 497 2955 oratori
512 2893 708 2978 subjungere,
729 2891 918 2956 tolerabilius
933 2903 990 2970 cst,
1015 2893 1055 2956 sic
1068 2913 1118 2976 po·

163 2995 222 3058 titis
237 2995 351 3070 dicere,
377 3006 421 3071 ut,
445 2997 592 3076 qnoniam
617 2996 742 3061 dicendi
767 2995 898 3060 facultas
923 3017 986 3060 non
1012 2996 1117 3062 debeat

151 3119 230 3194 'esse
241 3096 348 3182 jejuna
359 3109 452 3178 atque
469 3101 562 3175 nuda,
577 3101 631 3164 sed
648 3121 774 3184 aspersa
788 3111 882 3181 atque
894 3099 1038 3165 distincta
1049 3099 1116 3163 niul·

163 3213 264 3266 tarum
281 3223 380 3265 rerum
389 3202 527 3285 jucunda
537 3203 672 3284 quddam
684 3204 844 3280 varietate,
859 3203 982 3292 sitboni
997 3205 1122 3270 oratoris.

163 3305 262 3370 multa
277 3305 399 3369 auribus
415 3307 583 3390 accepisse,
607 3306 704 3370 multa
718 3307 839 3383 vidisse,
864 3296 962 3372 multa
977 3310 1071 3372 animo
1084 3321 1113 3376 et

160 3409 364 3493 cogitatione,
390 3409 487 3474 multa
512 3409 606 3474 etiam
630 3411 765 3494 legendo
792 3411 995 3494 percurrisse:
1023 3433 1111 3494 nequa

161 3535 212 3590 ea,
234 3523 267 3577 nt
282 3535 348 3589 sna,
374 3515 564 3596 possedisse,
585 3515 651 3590 sed,
665 3525 700 3578 nt
715 3515 826 3590 aliena,
851 3513 970 3580 libasse.
1013 3515 1111 3584 Fateor

161 3617 245 3685 enirn
259 3617 405 3684 callidum
421 3619 577 3702 quendam
592 3619 684 3698 hunc,
700 3629 730 3686 et
751 3618 833 3688 nulla
847 3619 877 3686 in
894 3641 926 3690 re
941 3620 1063 3688 tironem
1076 3641 1110 3690 ao
