<?xml version="1.0" encoding="UTF-8"?>
<!DOCTYPE html PUBLIC "-//W3C//DTD XHTML 1.0 Transitional//EN"
    "http://www.w3.org/TR/xhtml1/DTD/xhtml1-transitional.dtd">
<html xmlns="http://www.w3.org/1999/xhtml" xml:lang="en" lang="en">
 <head>
  <title>
</title>
<meta http-equiv="Content-Type" content="text/html;charset=utf-8" />
  <meta name='ocr-system' content='tesseract 3.04.00' />
  <meta name='ocr-capabilities' content='ocr_page ocr_carea ocr_par ocr_line ocrx_word'/>
</head>
<body>
  <div class='ocr_page' id='page_1' title='image "./mtuliiciceronis01cicegoog/mtuliiciceronis01cicegoog_0084.png"; bbox 0 0 2400 3980; ppageno 0'>
   <div class='ocr_carea' id='block_1_1' title="bbox 314 55 1044 116">
    <p class='ocr_par' dir='ltr' id='par_1_1' title="bbox 314 55 1044 116">
     <span class='ocr_line' id='line_1_1' title="bbox 314 55 1044 116; baseline 0.005 -6"><span class='ocrx_word' id='word_1_1' title='bbox 314 67 357 110; x_wconf 84' lang='lat' dir='ltr'>ne</span> <span class='ocrx_word' id='word_1_2' title='bbox 383 65 534 110; x_wconf 79' lang='lat' dir='ltr'>eureus</span> <span class='ocrx_word' id='word_1_3' title='bbox 557 67 653 112; x_wconf 81' lang='lat' dir='ltr'>aren</span> <span class='ocrx_word' id='word_1_4' title='bbox 676 69 804 116; x_wconf 78' lang='lat' dir='ltr'>retunt.</span> <span class='ocrx_word' id='word_1_5' title='bbox 1007 55 1044 114; x_wconf 76' lang='lat' dir='ltr'>ll</span> 
     </span>
    </p>
   </div>
   <div class='ocr_carea' id='block_1_2' title="bbox 11 215 1089 2901">
    <p class='ocr_par' dir='ltr' id='par_1_2' title="bbox 11 215 1089 2901">
     <span class='ocr_line' id='line_1_2' title="bbox 54 215 1049 298; baseline 0.002 -16"><span class='ocrx_word' id='word_1_6' title='bbox 54 239 100 282; x_wconf 88' lang='lat' dir='ltr'>um</span> <span class='ocrx_word' id='word_1_7' title='bbox 123 216 317 286; x_wconf 71' lang='lat' dir='ltr'>senectutis</span> <span class='ocrx_word' id='word_1_8' title='bbox 344 215 376 279; x_wconf 91' lang='lat' dir='ltr'>iu</span> <span class='ocrx_word' id='word_1_9' title='bbox 391 233 512 291; x_wconf 74' lang='lat' dir='ltr'>aarum</span> <span class='ocrx_word' id='word_1_10' title='bbox 536 215 588 298; x_wconf 89' lang='lat' dir='ltr'>qui</span> <span class='ocrx_word' id='word_1_11' title='bbox 603 215 780 282; x_wconf 79' lang='lat' dir='ltr'>consultum</span> <span class='ocrx_word' id='word_1_12' title='bbox 796 217 933 296; x_wconf 82' lang='lat' dir='ltr'>venient,</span> <span class='ocrx_word' id='word_1_13' title='bbox 947 217 1049 288; x_wconf 77' lang='lat' dir='ltr'>nutri·</span> 
     </span>
     <span class='ocr_line' id='line_1_3' title="bbox 54 319 1048 412; baseline 0 -26"><span class='ocrx_word' id='word_1_14' title='bbox 54 323 163 388; x_wconf 84' lang='lat' dir='ltr'>tudine</span> <span class='ocrx_word' id='word_1_15' title='bbox 179 343 257 388; x_wconf 87' lang='lat' dir='ltr'>esse</span> <span class='ocrx_word' id='word_1_16' title='bbox 274 319 476 410; x_wconf 73' lang='lat' dir='ltr'>ponendum,</span> <span class='ocrx_word' id='word_1_17' title='bbox 491 321 557 395; x_wconf 82' lang='lat' dir='ltr'>sed,</span> <span class='ocrx_word' id='word_1_18' title='bbox 582 333 746 412; x_wconf 73' lang='lat' dir='ltr'>tanquam⁸</span> <span class='ocrx_word' id='word_1_19' title='bbox 760 330 886 404; x_wconf 87' lang='lat' dir='ltr'>portum</span> <span class='ocrx_word' id='word_1_20' title='bbox 901 321 1048 404; x_wconf 76' lang='lat' dir='ltr'>aliquem,</span> 
     </span>
     <span class='ocr_line' id='line_1_4' title="bbox 53 407 1060 513; baseline 0 -21"><span class='ocrx_word' id='word_1_21' title='bbox 53 441 246 513; x_wconf 72' lang='lat' dir='ltr'><strong>exspectem</strong></span> <span class='ocrx_word' id='word_1_22' title='bbox 264 426 374 500; x_wconf 84' lang='lat' dir='ltr'>iatam,</span> <span class='ocrx_word' id='word_1_23' title='bbox 387 443 482 504; x_wconf 89' lang='lat' dir='ltr'>quam</span> <span class='ocrx_word' id='word_1_24' title='bbox 498 436 531 488; x_wconf 91' lang='lat' dir='ltr'>tu</span> <span class='ocrx_word' id='word_1_25' title='bbox 546 422 647 500; x_wconf 86' lang='lat' dir='ltr'>times,</span> <span class='ocrx_word' id='word_1_26' title='bbox 658 423 866 490; x_wconf 66' lang='lat' dir='ltr'><strong>solitudinem.</strong></span> <span class='ocrx_word' id='word_1_27' title='bbox 910 407 1060 494; x_wconf 64' lang='grc' dir='ltr'>Βιιίὶιίιίἰ-Ι</span> 
     </span>
     <span class='ocr_line' id='line_1_5' title="bbox 54 527 970 598; baseline -0.002 -4"><span class='ocrx_word' id='word_1_28' title='bbox 54 551 103 594; x_wconf 90' lang='lat' dir='ltr'>um</span> <span class='ocrx_word' id='word_1_29' title='bbox 119 532 212 596; x_wconf 89' lang='lat' dir='ltr'>enim</span> <span class='ocrx_word' id='word_1_30' title='bbox 231 527 440 594; x_wconf 78' lang='lat' dir='ltr'>bellissimum</span> <span class='ocrx_word' id='word_1_31' title='bbox 453 527 595 592; x_wconf 85' lang='lat' dir='ltr'>existimo</span> <span class='ocrx_word' id='word_1_32' title='bbox 611 549 679 593; x_wconf 78' lang='lat' dir='ltr'>erre</span> <span class='ocrx_word' id='word_1_33' title='bbox 693 527 847 593; x_wconf 70' lang='lat' dir='ltr'>senectuti</span> <span class='ocrx_word' id='word_1_34' title='bbox 863 527 970 598; x_wconf 86' lang='lat' dir='ltr'>otium.</span> 
     </span>
     <span class='ocr_line' id='line_1_6' title="bbox 93 631 1047 718; baseline -0.002 -19"><span class='ocrx_word' id='word_1_35' title='bbox 93 635 244 718; x_wconf 75' lang='lat' dir='ltr'>Reliqua</span> <span class='ocrx_word' id='word_1_36' title='bbox 258 653 336 696; x_wconf 88' lang='lat' dir='ltr'>vero</span> <span class='ocrx_word' id='word_1_37' title='bbox 350 631 473 696; x_wconf 80' lang='lat' dir='ltr'>etiamsi</span> <span class='ocrx_word' id='word_1_38' title='bbox 488 631 646 716; x_wconf 86' lang='lat' dir='ltr'>adjuvant,</span> <span class='ocrx_word' id='word_1_39' title='bbox 661 632 819 698; x_wconf 72' lang='lat' dir='ltr'>historiam</span> <span class='ocrx_word' id='word_1_40' title='bbox 835 631 918 708; x_wconf 86' lang='lat' dir='ltr'>dieo,</span> <span class='ocrx_word' id='word_1_41' title='bbox 931 641 964 696; x_wconf 90' lang='lat' dir='ltr'>et</span> <span class='ocrx_word' id='word_1_42' title='bbox 979 651 1047 716; x_wconf 88' lang='lat' dir='ltr'>pru·</span> 
     </span>
     <span class='ocr_line' id='line_1_7' title="bbox 56 735 1047 823; baseline -0.003 -21"><span class='ocrx_word' id='word_1_43' title='bbox 56 740 203 804; x_wconf 85' lang='lat' dir='ltr'>dentiam</span> <span class='ocrx_word' id='word_1_44' title='bbox 214 737 297 823; x_wconf 85' lang='lat' dir='ltr'>juris</span> <span class='ocrx_word' id='word_1_45' title='bbox 314 735 480 819; x_wconf 87' lang='lat' dir='ltr'>puhliei,et</span> <span class='ocrx_word' id='word_1_46' title='bbox 498 735 691 819; x_wconf 84' lang='lat' dir='ltr'>antiquitatis</span> <span class='ocrx_word' id='word_1_47' title='bbox 701 738 768 814; x_wconf 89' lang='lat' dir='ltr'>iter,</span> <span class='ocrx_word' id='word_1_48' title='bbox 783 747 814 814; x_wconf 81' lang='lat' dir='ltr'>et</span> <span class='ocrx_word' id='word_1_49' title='bbox 833 735 1047 820; x_wconf 85' lang='lat' dir='ltr'>exemplorum</span> 
     </span>
     <span class='ocr_line' id='line_1_8' title="bbox 57 839 1048 927; baseline -0.001 -20"><span class='ocrx_word' id='word_1_50' title='bbox 57 845 202 927; x_wconf 81' lang='lat' dir='ltr'>copiam,</span> <span class='ocrx_word' id='word_1_51' title='bbox 218 843 245 904; x_wconf 86' lang='lat' dir='ltr'>si</span> <span class='ocrx_word' id='word_1_52' title='bbox 263 841 394 924; x_wconf 86' lang='lat' dir='ltr'>quando</span> <span class='ocrx_word' id='word_1_53' title='bbox 406 860 484 922; x_wconf 85' lang='lat' dir='ltr'>opus</span> <span class='ocrx_word' id='word_1_54' title='bbox 496 841 563 916; x_wconf 88' lang='lat' dir='ltr'>erit,</span> <span class='ocrx_word' id='word_1_55' title='bbox 578 841 672 906; x_wconf 86' lang='lat' dir='ltr'>ariro</span> <span class='ocrx_word' id='word_1_56' title='bbox 687 842 818 926; x_wconf 90' lang='lat' dir='ltr'>optimo,</span> <span class='ocrx_word' id='word_1_57' title='bbox 831 853 864 907; x_wconf 88' lang='lat' dir='ltr'>et</span> <span class='ocrx_word' id='word_1_58' title='bbox 876 839 942 906; x_wconf 82' lang='lat' dir='ltr'>letis</span> <span class='ocrx_word' id='word_1_59' title='bbox 957 839 1048 906; x_wconf 80' lang='lat' dir='ltr'>rebus</span> 
     </span>
     <span class='ocr_line' id='line_1_9' title="bbox 58 943 1048 1030; baseline 0.001 -20"><span class='ocrx_word' id='word_1_60' title='bbox 58 945 320 1028; x_wconf 85' lang='lat' dir='ltr'>instructissimo,</span> <span class='ocrx_word' id='word_1_61' title='bbox 342 943 482 1008; x_wconf 85' lang='lat' dir='ltr'>familiari</span> <span class='ocrx_word' id='word_1_62' title='bbox 499 965 581 1022; x_wconf 89' lang='lat' dir='ltr'>meo,</span> <span class='ocrx_word' id='word_1_63' title='bbox 604 943 749 1030; x_wconf 78' lang='lat' dir='ltr'>Longino</span> <span class='ocrx_word' id='word_1_64' title='bbox 764 945 940 1012; x_wconf 84' lang='lat' dir='ltr'>mutuabor.</span> <span class='ocrx_word' id='word_1_65' title='bbox 984 943 1048 1011; x_wconf 90' lang='lat' dir='ltr'>Ne·</span> 
     </span>
     <span class='ocr_line' id='line_1_10' title="bbox 58 1048 1047 1136; baseline 0.001 -20"><span class='ocrx_word' id='word_1_66' title='bbox 58 1074 117 1136; x_wconf 89' lang='lat' dir='ltr'>que</span> <span class='ocrx_word' id='word_1_67' title='bbox 142 1051 354 1135; x_wconf 81' lang='lat' dir='ltr'>repugnabo,</span> <span class='ocrx_word' id='word_1_68' title='bbox 377 1048 440 1131; x_wconf 77' lang='lat' dir='ltr'>quo</span> <span class='ocrx_word' id='word_1_69' title='bbox 455 1048 556 1112; x_wconf 76' lang='lat' dir='ltr'>minna</span> <span class='ocrx_word' id='word_1_70' title='bbox 573 1049 617 1132; x_wconf 92' lang='lat' dir='ltr'>(id</span> <span class='ocrx_word' id='word_1_71' title='bbox 632 1051 716 1134; x_wconf 90' lang='lat' dir='ltr'>quod</span> <span class='ocrx_word' id='word_1_72' title='bbox 733 1052 828 1116; x_wconf 74' lang='lat' dir='ltr'>mode</span> <span class='ocrx_word' id='word_1_73' title='bbox 844 1051 984 1118; x_wconf 80' lang='lat' dir='ltr'>hortatus</span> <span class='ocrx_word' id='word_1_74' title='bbox 998 1055 1047 1134; x_wconf 83' lang='lat' dir='ltr'>cr)</span> 
     </span>
     <span class='ocr_line' id='line_1_11' title="bbox 11 1152 1046 1254; baseline 0 -33"><span class='ocrx_word' id='word_1_75' title='bbox 11 1189 16 1202; x_wconf 56' lang='grc' dir='ltr'>ν</span> <span class='ocrx_word' id='word_1_76' title='bbox 60 1157 167 1221; x_wconf 86' lang='lat' dir='ltr'>omnin</span> <span class='ocrx_word' id='word_1_77' title='bbox 181 1155 309 1238; x_wconf 87' lang='lat' dir='ltr'>legant,</span> <span class='ocrx_word' id='word_1_78' title='bbox 324 1152 430 1216; x_wconf 88' lang='lat' dir='ltr'>omnia</span> <span class='ocrx_word' id='word_1_79' title='bbox 443 1153 582 1230; x_wconf 90' lang='lat' dir='ltr'>audiant,</span> <span class='ocrx_word' id='word_1_80' title='bbox 598 1153 627 1218; x_wconf 90' lang='lat' dir='ltr'>in</span> <span class='ocrx_word' id='word_1_81' title='bbox 641 1155 725 1218; x_wconf 87' lang='lat' dir='ltr'>omni</span> <span class='ocrx_word' id='word_1_82' title='bbox 738 1168 824 1220; x_wconf 89' lang='lat' dir='ltr'>recto</span> <span class='ocrx_word' id='word_1_83' title='bbox 836 1157 939 1254; x_wconf 68' lang='lat' dir='ltr'>studio</span> <span class='ocrx_word' id='word_1_84' title='bbox 951 1167 1046 1239; x_wconf 85' lang='lat' dir='ltr'>atque</span> 
     </span>
     <span class='ocr_line' id='line_1_12' title="bbox 61 1257 1089 1334; baseline -0.002 -9"><span class='ocrx_word' id='word_1_85' title='bbox 61 1261 267 1325; x_wconf 81' lang='lat' dir='ltr'>humanitate</span> <span class='ocrx_word' id='word_1_86' title='bbox 282 1267 459 1320; x_wconf 85' lang='lat' dir='ltr'>versentur:</span> <span class='ocrx_word' id='word_1_87' title='bbox 482 1257 746 1334; x_wconf 79' lang='lat' dir='ltr'>ted,tnehercule,</span> <span class='ocrx_word' id='word_1_88' title='bbox 769 1263 831 1322; x_wconf 87' lang='lat' dir='ltr'>nori</span> <span class='ocrx_word' id='word_1_89' title='bbox 848 1259 892 1322; x_wconf 87' lang='lat' dir='ltr'>ite</span> <span class='ocrx_word' id='word_1_90' title='bbox 915 1259 1046 1334; x_wconf 85' lang='lat' dir='ltr'>multum</span> <span class='ocrx_word' id='word_1_91' title='bbox 1085 1305 1089 1312; x_wconf 85' lang='lat'><em>-</em></span> 
     </span>
     <span class='ocr_line' id='line_1_13' title="bbox 61 1359 1047 1449; baseline -0.004 -21"><span class='ocrx_word' id='word_1_92' title='bbox 61 1364 151 1449; x_wconf 92' lang='lat' dir='ltr'>spatii</span> <span class='ocrx_word' id='word_1_93' title='bbox 170 1361 252 1427; x_wconf 88' lang='lat' dir='ltr'>mihi</span> <span class='ocrx_word' id='word_1_94' title='bbox 264 1361 395 1436; x_wconf 87' lang='lat' dir='ltr'>ridetur,</span> <span class='ocrx_word' id='word_1_95' title='bbox 410 1359 433 1426; x_wconf 77' lang='lat' dir='ltr'>ii</span> <span class='ocrx_word' id='word_1_96' title='bbox 447 1361 542 1424; x_wconf 80' lang='lat' dir='ltr'>modci</span> <span class='ocrx_word' id='word_1_97' title='bbox 554 1383 593 1424; x_wconf 89' lang='lat' dir='ltr'>en</span> <span class='ocrx_word' id='word_1_98' title='bbox 605 1359 709 1424; x_wconf 86' lang='lat' dir='ltr'>facere</span> <span class='ocrx_word' id='word_1_99' title='bbox 734 1373 766 1424; x_wconf 88' lang='lat' dir='ltr'>et</span> <span class='ocrx_word' id='word_1_100' title='bbox 779 1361 920 1444; x_wconf 82' lang='lat' dir='ltr'>persequi</span> <span class='ocrx_word' id='word_1_101' title='bbox 933 1360 1047 1437; x_wconf 87' lang='lat' dir='ltr'>volent,</span> 
     </span>
     <span class='ocr_line' id='line_1_14' title="bbox 62 1461 1047 1551; baseline -0.003 -19"><span class='ocrx_word' id='word_1_102' title='bbox 62 1491 130 1551; x_wconf 78' lang='lat' dir='ltr'>quae</span> <span class='ocrx_word' id='word_1_103' title='bbox 156 1491 177 1531; x_wconf 91' lang='lat' dir='ltr'>a</span> <span class='ocrx_word' id='word_1_104' title='bbox 196 1479 241 1542; x_wconf 88' lang='lat' dir='ltr'>te,</span> <span class='ocrx_word' id='word_1_105' title='bbox 257 1464 380 1540; x_wconf 84' lang='lat' dir='ltr'>Crasse,</span> <span class='ocrx_word' id='word_1_106' title='bbox 395 1477 554 1549; x_wconf 77' lang='lat' dir='ltr'>precepta</span> <span class='ocrx_word' id='word_1_107' title='bbox 570 1477 659 1528; x_wconf 85' lang='lat' dir='ltr'>sunt:</span> <span class='ocrx_word' id='word_1_108' title='bbox 682 1463 734 1547; x_wconf 91' lang='lat' dir='ltr'>qui</span> <span class='ocrx_word' id='word_1_109' title='bbox 751 1464 823 1528; x_wconf 91' lang='lat' dir='ltr'>mihi</span> <span class='ocrx_word' id='word_1_110' title='bbox 840 1461 1047 1548; x_wconf 69' lang='lat' dir='ltr'>prophetiam</span> 
     </span>
     <span class='ocr_line' id='line_1_15' title="bbox 62 1564 1046 1653; baseline -0.001 -16"><span class='ocrx_word' id='word_1_111' title='bbox 62 1574 154 1638; x_wconf 87' lang='lat' dir='ltr'>nimis</span> <span class='ocrx_word' id='word_1_112' title='bbox 165 1564 266 1634; x_wconf 76' lang='lat' dir='ltr'>durias</span> <span class='ocrx_word' id='word_1_113' title='bbox 276 1567 362 1652; x_wconf 82' lang='lat' dir='ltr'>leges</span> <span class='ocrx_word' id='word_1_114' title='bbox 372 1569 533 1653; x_wconf 89' lang='lat' dir='ltr'>imponere</span> <span class='ocrx_word' id='word_1_115' title='bbox 541 1569 619 1633; x_wconf 85' lang='lat' dir='ltr'>visua</span> <span class='ocrx_word' id='word_1_116' title='bbox 629 1591 663 1632; x_wconf 85' lang='lat' dir='ltr'>es</span> <span class='ocrx_word' id='word_1_117' title='bbox 674 1569 744 1634; x_wconf 86' lang='lat' dir='ltr'>lruio</span> <span class='ocrx_word' id='word_1_118' title='bbox 754 1571 854 1647; x_wconf 77' lang='lat' dir='ltr'>aetati3</span> <span class='ocrx_word' id='word_1_119' title='bbox 874 1569 928 1638; x_wconf 82' lang='lat' dir='ltr'>aed</span> <span class='ocrx_word' id='word_1_120' title='bbox 940 1579 1046 1636; x_wconf 80' lang='lat' dir='ltr'>tamen</span> 
     </span>
     <span class='ocr_line' id='line_1_16' title="bbox 62 1673 1045 1759; baseline 0 -17"><span class='ocrx_word' id='word_1_121' title='bbox 62 1677 165 1752; x_wconf 88' lang='lat' dir='ltr'>adid,</span> <span class='ocrx_word' id='word_1_122' title='bbox 193 1673 282 1758; x_wconf 90' lang='lat' dir='ltr'>quod</span> <span class='ocrx_word' id='word_1_123' title='bbox 298 1673 437 1756; x_wconf 82' lang='lat' dir='ltr'>cupiunt,</span> <span class='ocrx_word' id='word_1_124' title='bbox 463 1673 699 1756; x_wconf 84' lang='lat' dir='ltr'>adipiscendum</span> <span class='ocrx_word' id='word_1_125' title='bbox 724 1676 820 1759; x_wconf 73' lang='lat' dir='ltr'>propi</span> <span class='ocrx_word' id='word_1_126' title='bbox 845 1674 1045 1742; x_wconf 80' lang='lat' dir='ltr'>necessariae.</span> 
     </span>
     <span class='ocr_line' id='line_1_17' title="bbox 62 1777 1047 1862; baseline 0 -16"><span class='ocrx_word' id='word_1_127' title='bbox 62 1782 151 1846; x_wconf 86' lang='lat' dir='ltr'>Nem</span> <span class='ocrx_word' id='word_1_128' title='bbox 164 1789 199 1842; x_wconf 90' lang='lat' dir='ltr'>et</span> <span class='ocrx_word' id='word_1_129' title='bbox 209 1777 322 1862; x_wconf 77' lang='lat' dir='ltr'>suhitae</span> <span class='ocrx_word' id='word_1_130' title='bbox 331 1777 370 1840; x_wconf 88' lang='lat' dir='ltr'>ad</span> <span class='ocrx_word' id='word_1_131' title='bbox 385 1777 558 1860; x_wconf 85' lang='lat' dir='ltr'>propositas</span> <span class='ocrx_word' id='word_1_132' title='bbox 570 1799 682 1842; x_wconf 84' lang='lat' dir='ltr'>causas</span> <span class='ocrx_word' id='word_1_133' title='bbox 694 1779 943 1854; x_wconf 80' lang='lat' dir='ltr'>exercitationes,</span> <span class='ocrx_word' id='word_1_134' title='bbox 954 1791 1047 1854; x_wconf 84' lang='lat' dir='ltr'>etec-</span> 
     </span>
     <span class='ocr_line' id='line_1_18' title="bbox 63 1881 1047 1961; baseline -0.002 -11"><span class='ocrx_word' id='word_1_135' title='bbox 63 1897 188 1950; x_wconf 82' lang='lat' dir='ltr'>curatae</span> <span class='ocrx_word' id='word_1_136' title='bbox 216 1891 248 1950; x_wconf 85' lang='lat' dir='ltr'>et</span> <span class='ocrx_word' id='word_1_137' title='bbox 266 1881 423 1944; x_wconf 72' lang='lat' dir='ltr'>meditate</span> <span class='ocrx_word' id='word_1_138' title='bbox 439 1883 732 1958; x_wconf 82' lang='lat' dir='ltr'>commentationes,</span> <span class='ocrx_word' id='word_1_139' title='bbox 748 1904 786 1946; x_wconf 87' lang='lat' dir='ltr'>an</span> <span class='ocrx_word' id='word_1_140' title='bbox 801 1883 886 1947; x_wconf 84' lang='lat' dir='ltr'>stilus</span> <span class='ocrx_word' id='word_1_141' title='bbox 902 1882 951 1948; x_wconf 90' lang='lat' dir='ltr'>ille</span> <span class='ocrx_word' id='word_1_142' title='bbox 966 1894 1047 1961; x_wconf 81' lang='lat' dir='ltr'>tuus,</span> 
     </span>
     <span class='ocr_line' id='line_1_19' title="bbox 65 1983 1048 2073; baseline -0.002 -22"><span class='ocrx_word' id='word_1_143' title='bbox 65 2009 163 2073; x_wconf 87' lang='lat' dir='ltr'>quem</span> <span class='ocrx_word' id='word_1_144' title='bbox 180 1999 215 2048; x_wconf 90' lang='lat' dir='ltr'>tu</span> <span class='ocrx_word' id='word_1_145' title='bbox 231 1983 302 2048; x_wconf 76' lang='lat' dir='ltr'>vere</span> <span class='ocrx_word' id='word_1_146' title='bbox 317 1983 418 2048; x_wconf 83' lang='lat' dir='ltr'>dixisti</span> <span class='ocrx_word' id='word_1_147' title='bbox 435 1983 640 2068; x_wconf 84' lang='lat' dir='ltr'>perfectorem</span> <span class='ocrx_word' id='word_1_148' title='bbox 657 1985 780 2048; x_wconf 82' lang='lat' dir='ltr'>dicendi</span> <span class='ocrx_word' id='word_1_149' title='bbox 797 2007 864 2048; x_wconf 85' lang='lat' dir='ltr'>esse</span> <span class='ocrx_word' id='word_1_150' title='bbox 881 2006 919 2048; x_wconf 91' lang='lat' dir='ltr'>ac</span> <span class='ocrx_word' id='word_1_151' title='bbox 935 1985 1048 2068; x_wconf 82' lang='lat' dir='ltr'>megla-</span> 
     </span>
     <span class='ocr_line' id='line_1_20' title="bbox 66 2081 1047 2170; baseline -0.006 -13"><span class='ocrx_word' id='word_1_152' title='bbox 66 2107 163 2168; x_wconf 87' lang='lat' dir='ltr'>trum,</span> <span class='ocrx_word' id='word_1_153' title='bbox 179 2089 267 2154; x_wconf 89' lang='lat' dir='ltr'>multi</span> <span class='ocrx_word' id='word_1_154' title='bbox 283 2089 401 2152; x_wconf 82' lang='lat' dir='ltr'>sudoris</span> <span class='ocrx_word' id='word_1_155' title='bbox 416 2103 462 2152; x_wconf 83' lang='lat' dir='ltr'>est</span> <span class='ocrx_word' id='word_1_156' title='bbox 474 2113 482 2165; x_wconf 82' lang='lat'>3</span> <span class='ocrx_word' id='word_1_157' title='bbox 496 2102 527 2152; x_wconf 87' lang='lat' dir='ltr'>et</span> <span class='ocrx_word' id='word_1_158' title='bbox 538 2089 588 2153; x_wconf 91' lang='lat' dir='ltr'>illa</span> <span class='ocrx_word' id='word_1_159' title='bbox 604 2088 751 2153; x_wconf 85' lang='lat' dir='ltr'>orationis</span> <span class='ocrx_word' id='word_1_160' title='bbox 762 2109 826 2152; x_wconf 86' lang='lat' dir='ltr'>suoe</span> <span class='ocrx_word' id='word_1_161' title='bbox 838 2081 909 2150; x_wconf 78' lang='lat' dir='ltr'>curn</span> <span class='ocrx_word' id='word_1_162' title='bbox 925 2087 1047 2170; x_wconf 78' lang='lat' dir='ltr'>scriptia</span> 
     </span>
     <span class='ocr_line' id='line_1_21' title="bbox 68 2188 1046 2276; baseline -0.005 -16"><span class='ocrx_word' id='word_1_163' title='bbox 68 2195 180 2260; x_wconf 86' lang='lat' dir='ltr'>alienis</span> <span class='ocrx_word' id='word_1_164' title='bbox 202 2193 407 2276; x_wconf 85' lang='lat' dir='ltr'>comparatio,</span> <span class='ocrx_word' id='word_1_165' title='bbox 430 2205 462 2257; x_wconf 88' lang='lat' dir='ltr'>et</span> <span class='ocrx_word' id='word_1_166' title='bbox 476 2193 517 2256; x_wconf 93' lang='lat' dir='ltr'>de</span> <span class='ocrx_word' id='word_1_167' title='bbox 533 2192 634 2256; x_wconf 89' lang='lat' dir='ltr'>alieno</span> <span class='ocrx_word' id='word_1_168' title='bbox 654 2192 770 2275; x_wconf 82' lang='lat' dir='ltr'>scripto</span> <span class='ocrx_word' id='word_1_169' title='bbox 785 2191 897 2262; x_wconf 87' lang='lat' dir='ltr'>subita,</span> <span class='ocrx_word' id='word_1_170' title='bbox 912 2188 959 2254; x_wconf 92' lang='lat' dir='ltr'>vel</span> <span class='ocrx_word' id='word_1_171' title='bbox 982 2189 1046 2255; x_wconf 84' lang='lat' dir='ltr'>lau·</span> 
     </span>
     <span class='ocr_line' id='line_1_22' title="bbox 69 2293 1046 2387; baseline -0.007 -21"><span class='ocrx_word' id='word_1_172' title='bbox 69 2298 179 2387; x_wconf 72' lang='lat' dir='ltr'>dandi,</span> <span class='ocrx_word' id='word_1_173' title='bbox 193 2297 249 2360; x_wconf 62' lang='lat' dir='ltr'>*vel</span> <span class='ocrx_word' id='word_1_174' title='bbox 265 2297 468 2380; x_wconf 89' lang='lat' dir='ltr'>vituperandi,</span> <span class='ocrx_word' id='word_1_175' title='bbox 491 2295 539 2360; x_wconf 87' lang='lat' dir='ltr'>vel</span> <span class='ocrx_word' id='word_1_176' title='bbox 563 2295 801 2380; x_wconf 88' lang='lat' dir='ltr'>comprobandi,</span> <span class='ocrx_word' id='word_1_177' title='bbox 816 2294 862 2359; x_wconf 91' lang='lat' dir='ltr'>vel</span> <span class='ocrx_word' id='word_1_178' title='bbox 887 2293 1046 2361; x_wconf 89' lang='lat' dir='ltr'>refellendi</span> 
     </span>
     <span class='ocr_line' id='line_1_23' title="bbox 70 2400 1045 2484; baseline -0.002 -16"><span class='ocrx_word' id='word_1_179' title='bbox 70 2402 179 2478; x_wconf 69' lang='lat' dir='ltr'>causi,</span> <span class='ocrx_word' id='word_1_180' title='bbox 194 2401 373 2484; x_wconf 80' lang='lat' dir='ltr'>disputatio,</span> <span class='ocrx_word' id='word_1_181' title='bbox 388 2419 455 2464; x_wconf 83' lang='lat' dir='ltr'>non·</span> <span class='ocrx_word' id='word_1_182' title='bbox 468 2401 632 2471; x_wconf 80' lang='lat' dir='ltr'>mediocris</span> <span class='ocrx_word' id='word_1_183' title='bbox 647 2400 856 2466; x_wconf 84' lang='lat' dir='ltr'>contentionis</span> <span class='ocrx_word' id='word_1_184' title='bbox 872 2413 930 2480; x_wconf 83' lang='lat' dir='ltr'>est,</span> <span class='ocrx_word' id='word_1_185' title='bbox 945 2401 992 2469; x_wconf 78' lang='lat' dir='ltr'>vel</span> <span class='ocrx_word' id='word_1_186' title='bbox 1004 2402 1045 2466; x_wconf 87' lang='lat' dir='ltr'>ad</span> 
     </span>
     <span class='ocr_line' id='line_1_24' title="bbox 73 2503 1007 2584; baseline -0.003 -12"><span class='ocrx_word' id='word_1_187' title='bbox 73 2505 268 2581; x_wconf 85' lang='lat' dir='ltr'>memoriam,</span> <span class='ocrx_word' id='word_1_188' title='bbox 282 2503 329 2568; x_wconf 88' lang='lat' dir='ltr'>vel</span> <span class='ocrx_word' id='word_1_189' title='bbox 346 2505 385 2568; x_wconf 88' lang='lat' dir='ltr'>ad</span> <span class='ocrx_word' id='word_1_190' title='bbox 401 2505 596 2571; x_wconf 88' lang='lat' dir='ltr'>imitandum.</span> <span class='ocrx_word' id='word_1_191' title='bbox 998 2527 1007 2584; x_wconf 55' lang='grc' dir='ltr'>,ι</span> 
     </span>
     <span class='ocr_line' id='line_1_25' title="bbox 87 2599 1045 2694; baseline -0.002 -20"><span class='ocrx_word' id='word_1_192' title='bbox 87 2683 90 2692; x_wconf 35' lang='lat'>¹</span> <span class='ocrx_word' id='word_1_193' title='bbox 115 2607 201 2674; x_wconf 86' lang='lat' dir='ltr'>LXI.</span> <span class='ocrx_word' id='word_1_194' title='bbox 224 2609 302 2685; x_wconf 86' lang='lat' dir='ltr'>Illud</span> <span class='ocrx_word' id='word_1_195' title='bbox 313 2609 385 2676; x_wconf 77' lang='lat' dir='ltr'>uerti</span> <span class='ocrx_word' id='word_1_196' title='bbox 396 2609 451 2672; x_wconf 84' lang='lat' dir='ltr'>suit</span> <span class='ocrx_word' id='word_1_197' title='bbox 462 2609 614 2687; x_wconf 88' lang='lat' dir='ltr'>horribile,</span> <span class='ocrx_word' id='word_1_198' title='bbox 625 2613 720 2694; x_wconf 87' lang='lat' dir='ltr'>quod,</span> <span class='ocrx_word' id='word_1_199' title='bbox 734 2609 922 2684; x_wconf 84' lang='lat' dir='ltr'>mehercule,</span> <span class='ocrx_word' id='word_1_200' title='bbox 937 2599 1045 2675; x_wconf 76' lang='lat' dir='ltr'>vereor</span> 
     </span>
     <span class='ocr_line' id='line_1_26' title="bbox 33 2693 1046 2797; baseline -0.002 -19"><span class='ocrx_word' id='word_1_201' title='bbox 33 2719 36 2726; x_wconf 77' lang='grc'><em>’</em></span> <span class='ocrx_word' id='word_1_202' title='bbox 71 2693 115 2778; x_wconf 77' lang='lat' dir='ltr'>ire</span> <span class='ocrx_word' id='word_1_203' title='bbox 134 2693 290 2797; x_wconf 64' lang='lat' dir='ltr'>‘isitil‘orent</span> <span class='ocrx_word' id='word_1_204' title='bbox 304 2713 363 2776; x_wconf 89' lang='lat' dir='ltr'>virn</span> <span class='ocrx_word' id='word_1_205' title='bbox 380 2714 419 2776; x_wconf 93' lang='lat' dir='ltr'>ad</span> <span class='ocrx_word' id='word_1_206' title='bbox 436 2713 654 2778; x_wconf 83' lang='lat' dir='ltr'>deterrendum</span> <span class='ocrx_word' id='word_1_207' title='bbox 669 2715 821 2790; x_wconf 89' lang='lat' dir='ltr'>habuerit,</span> <span class='ocrx_word' id='word_1_208' title='bbox 836 2715 928 2795; x_wconf 74' lang='lat' dir='ltr'>quarn</span> <span class='ocrx_word' id='word_1_209' title='bbox 942 2712 982 2774; x_wconf 90' lang='lat' dir='ltr'>ad</span> <span class='ocrx_word' id='word_1_210' title='bbox 995 2733 1046 2776; x_wconf 85' lang='lat' dir='ltr'>oo·</span> 
     </span>
     <span class='ocr_line' id='line_1_27' title="bbox 78 2815 1046 2901; baseline -0.004 -19"><span class='ocrx_word' id='word_1_211' title='bbox 78 2815 273 2882; x_wconf 85' lang='lat' dir='ltr'>hortandum.</span> <span class='ocrx_word' id='word_1_212' title='bbox 317 2816 447 2880; x_wconf 79' lang='lat' dir='ltr'>Voluisti</span> <span class='ocrx_word' id='word_1_213' title='bbox 473 2818 557 2881; x_wconf 88' lang='lat' dir='ltr'>enim</span> <span class='ocrx_word' id='word_1_214' title='bbox 584 2817 613 2882; x_wconf 90' lang='lat' dir='ltr'>in</span> <span class='ocrx_word' id='word_1_215' title='bbox 630 2837 686 2880; x_wconf 84' lang='lat' dir='ltr'>auo</span> <span class='ocrx_word' id='word_1_216' title='bbox 711 2837 827 2901; x_wconf 79' lang='lat' dir='ltr'>genere</span> <span class='ocrx_word' id='word_1_217' title='bbox 843 2833 1046 2896; x_wconf 86' lang='lat' dir='ltr'>unumquem-</span> 
     </span>
    </p>
   </div>
   <div class='ocr_carea' id='block_1_3' title="bbox 41 2917 1074 3625">
    <p class='ocr_par' dir='ltr' id='par_1_3' title="bbox 41 2917 1074 3625">
     <span class='ocr_line' id='line_1_28' title="bbox 78 2917 1046 3003; baseline 0.001 -20"><span class='ocrx_word' id='word_1_218' title='bbox 78 2941 137 3003; x_wconf 88' lang='lat' dir='ltr'>que</span> <span class='ocrx_word' id='word_1_219' title='bbox 152 2919 288 2984; x_wconf 81' lang='lat' dir='ltr'>noatritm</span> <span class='ocrx_word' id='word_1_220' title='bbox 303 2921 391 3002; x_wconf 85' lang='lat' dir='ltr'>quasi</span> <span class='ocrx_word' id='word_1_221' title='bbox 414 2919 573 3002; x_wconf 88' lang='lat' dir='ltr'>quendam</span> <span class='ocrx_word' id='word_1_222' title='bbox 599 2941 667 2984; x_wconf 85' lang='lat' dir='ltr'>esse</span> <span class='ocrx_word' id='word_1_223' title='bbox 683 2919 852 2996; x_wconf 66' lang='lat' dir='ltr'>Roscium</span> <span class='ocrx_word' id='word_1_224' title='bbox 874 2917 1046 3001; x_wconf 79' lang='lat' dir='ltr'>dixistique,</span> 
     </span>
     <span class='ocr_line' id='line_1_29' title="bbox 73 3022 1046 3108; baseline 0 -20"><span class='ocrx_word' id='word_1_225' title='bbox 73 3027 142 3088; x_wconf 90' lang='lat' dir='ltr'>&#39;non</span> <span class='ocrx_word' id='word_1_226' title='bbox 154 3035 217 3088; x_wconf 87' lang='lat' dir='ltr'>tam</span> <span class='ocrx_word' id='word_1_227' title='bbox 229 3043 279 3099; x_wconf 84' lang='lat' dir='ltr'>ea,</span> <span class='ocrx_word' id='word_1_228' title='bbox 290 3041 361 3104; x_wconf 76' lang='lat' dir='ltr'>qne</span> <span class='ocrx_word' id='word_1_229' title='bbox 373 3036 459 3088; x_wconf 86' lang='lat' dir='ltr'>recta</span> <span class='ocrx_word' id='word_1_230' title='bbox 471 3034 585 3098; x_wconf 80' lang='lat' dir='ltr'>essent,</span> <span class='ocrx_word' id='word_1_231' title='bbox 601 3022 734 3104; x_wconf 85' lang='lat' dir='ltr'>probari,</span> <span class='ocrx_word' id='word_1_232' title='bbox 749 3026 854 3106; x_wconf 75' lang='lat' dir='ltr'>quaint,</span> <span class='ocrx_word' id='word_1_233' title='bbox 868 3044 939 3106; x_wconf 86' lang='lat' dir='ltr'>quae</span> <span class='ocrx_word' id='word_1_234' title='bbox 950 3045 1046 3108; x_wconf 85' lang='lat' dir='ltr'>prave</span> 
     </span>
     <span class='ocr_line' id='line_1_30' title="bbox 80 3109 1051 3211; baseline -0.003 -16"><span class='ocrx_word' id='word_1_235' title='bbox 80 3139 159 3205; x_wconf 85' lang='lat' dir='ltr'>sunt,</span> <span class='ocrx_word' id='word_1_236' title='bbox 169 3127 301 3192; x_wconf 75' lang='lat' dir='ltr'>fastidiis</span> <span class='ocrx_word' id='word_1_237' title='bbox 311 3109 542 3192; x_wconf 66' lang='lat' dir='ltr'>adhaerescere:</span> <span class='ocrx_word' id='word_1_238' title='bbox 565 3127 649 3209; x_wconf 91' lang='lat' dir='ltr'>quod</span> <span class='ocrx_word' id='word_1_239' title='bbox 664 3147 726 3211; x_wconf 86' lang='lat' dir='ltr'>ego</span> <span class='ocrx_word' id='word_1_240' title='bbox 736 3149 797 3190; x_wconf 91' lang='lat' dir='ltr'>non</span> <span class='ocrx_word' id='word_1_241' title='bbox 808 3140 872 3192; x_wconf 89' lang='lat' dir='ltr'>tarn</span> <span class='ocrx_word' id='word_1_242' title='bbox 888 3125 1051 3192; x_wconf 61' lang='lat' dir='ltr'>fastidiosi</span> 
     </span>
     <span class='ocr_line' id='line_1_31' title="bbox 41 3219 1046 3314; baseline -0.002 -18"><span class='ocrx_word' id='word_1_243' title='bbox 41 3219 63 3250; x_wconf 74' lang='lat'>‘⁰</span> <span class='ocrx_word' id='word_1_244' title='bbox 82 3234 112 3298; x_wconf 90' lang='lat' dir='ltr'>in</span> <span class='ocrx_word' id='word_1_245' title='bbox 122 3232 207 3296; x_wconf 82' lang='lat' dir='ltr'>nobis</span> <span class='ocrx_word' id='word_1_246' title='bbox 218 3231 311 3314; x_wconf 78' lang='lat' dir='ltr'>quaint</span> <span class='ocrx_word' id='word_1_247' title='bbox 324 3229 354 3294; x_wconf 90' lang='lat' dir='ltr'>in</span> <span class='ocrx_word' id='word_1_248' title='bbox 365 3230 561 3312; x_wconf 80' lang='lat' dir='ltr'>histrionibus</span> <span class='ocrx_word' id='word_1_249' title='bbox 591 3229 726 3314; x_wconf 79' lang='lat' dir='ltr'>spectari</span> <span class='ocrx_word' id='word_1_250' title='bbox 739 3245 823 3312; x_wconf 89' lang='lat' dir='ltr'>puto.</span> <span class='ocrx_word' id='word_1_251' title='bbox 868 3231 1046 3311; x_wconf 85' lang='lat' dir='ltr'>Itaquenos</span> 
     </span>
     <span class='ocr_line' id='line_1_32' title="bbox 83 3335 1074 3424; baseline -0.002 -24"><span class='ocrx_word' id='word_1_252' title='bbox 83 3335 295 3417; x_wconf 68' lang='lat' dir='ltr'>raucos&#39;saepe</span> <span class='ocrx_word' id='word_1_253' title='bbox 311 3335 513 3400; x_wconf 76' lang='lat' dir='ltr'>attentissime</span> <span class='ocrx_word' id='word_1_254' title='bbox 539 3335 638 3400; x_wconf 86' lang='lat' dir='ltr'>audiri</span> <span class='ocrx_word' id='word_1_255' title='bbox 652 3335 759 3398; x_wconf 85' lang='lat' dir='ltr'>rideo:</span> <span class='ocrx_word' id='word_1_256' title='bbox 782 3345 866 3400; x_wconf 86' lang='lat' dir='ltr'>tenet</span> <span class='ocrx_word' id='word_1_257' title='bbox 891 3335 974 3398; x_wconf 83' lang='lat' dir='ltr'>enirn</span> <span class='ocrx_word' id='word_1_258' title='bbox 998 3353 1046 3400; x_wconf 83' lang='lat' dir='ltr'>ree</span> <span class='ocrx_word' id='word_1_259' title='bbox 1070 3417 1074 3424; x_wconf 32' lang='grc'>,</span> 
     </span>
     <span class='ocr_line' id='line_1_33' title="bbox 85 3429 1046 3526; baseline -0.006 -20"><span class='ocrx_word' id='word_1_260' title='bbox 85 3445 365 3524; x_wconf 70' lang='lat' dir='ltr'>irnaatqueenutn:</span> <span class='ocrx_word' id='word_1_261' title='bbox 381 3450 414 3500; x_wconf 93' lang='lat' dir='ltr'>at</span> <span class='ocrx_word' id='word_1_262' title='bbox 424 3429 620 3522; x_wconf 63' lang='lat' dir='ltr'>&#39;AEtoprraai</span> <span class='ocrx_word' id='word_1_263' title='bbox 632 3436 757 3526; x_wconf 69' lang='lat' dir='ltr'>paulum</span> <span class='ocrx_word' id='word_1_264' title='bbox 768 3437 1046 3521; x_wconf 82' lang='lat' dir='ltr'>irrauserit,explo·</span> 
     </span>
     <span class='ocr_line' id='line_1_34' title="bbox 87 3539 1046 3625; baseline -0.013 -13"><span class='ocrx_word' id='word_1_265' title='bbox 87 3546 122 3614; x_wconf 86' lang='lat' dir='ltr'>di.</span> <span class='ocrx_word' id='word_1_266' title='bbox 152 3539 394 3625; x_wconf 77' lang='lat' dir='ltr'>hqutbuente</span> <span class='ocrx_word' id='word_1_267' title='bbox 410 3539 484 3606; x_wconf 88' lang='lat' dir='ltr'>nihil</span> <span class='ocrx_word' id='word_1_268' title='bbox 496 3554 608 3624; x_wconf 80' lang='lat' dir='ltr'>proeter</span> <span class='ocrx_word' id='word_1_269' title='bbox 623 3542 813 3622; x_wconf 84' lang='lat' dir='ltr'>voluptatem</span> <span class='ocrx_word' id='word_1_270' title='bbox 830 3541 949 3605; x_wconf 87' lang='lat' dir='ltr'>aurium</span> <span class='ocrx_word' id='word_1_271' title='bbox 964 3557 1046 3617; x_wconf 77' lang='lat' dir='ltr'>que·</span> 
     </span>
    </p>
   </div>
   <div class='ocr_carea' id='block_1_4' title="bbox 0 0 1216 3980">
    <p class='ocr_par' dir='ltr' id='par_1_4' title="bbox 0 0 1216 3980">
     <span class='ocr_line' id='line_1_35' title="bbox 0 0 1216 3980; baseline 0 0"><span class='ocrx_word' id='word_1_272' title='bbox 0 0 1216 3980; x_wconf 95' lang='lat' dir='ltr'> </span> 
     </span>
    </p>
   </div>
  </div>
 </body>
</html>
