2466 3966
353 139 394 182 oa
418 137 569 182 onaroan
593 137 690 182 crasa
713 137 888 184 sacuunus.
1031 123 1104 182 '131

7 257 33 324 '¹
131 288 276 354 manibus
288 286 475 363 elaberetur,
489 286 581 368 qudm
595 255 673 350 mihi
682 296 748 351 turn
760 297 807 352 est
819 286 927 372 elapsa
938 285 990 354 iiia
1001 307 1107 354 caasa.
1127 271 1131 288 ¹

132 393 212 458 Cdm
236 392 319 458 enim
345 389 752 493 (quemadmodumdixisti)
769 367 826 455 tibi
845 413 979 477 egonon
999 391 1109 478 judici·

13 504 23 520 ³
130 517 195 574 um,
205 498 262 564 sed
278 494 457 561 incendium
472 495 688 573 tradidissem
709 495 793 578 quod
813 507 900 561 tuum
912 497 1108 582 principium,

128 601 172 666 dii
185 599 388 675 immortales,
409 598 483 665 initi
506 599 557 682 qui
569 599 679 664 timori
702 619 772 682 quae
794 600 965 666 dubitatio!
989 613 1108 683 quanta
1217 659 1219 666 ,

130 704 295 780 haesitatio,
316 714 494 786 tractusque
510 703 691 768 verborum!
715 703 759 768 Ut
773 701 846 768 iliud
862 703 959 780 initio,
990 699 1057 770 'uod
1070 706 1108 816 1ιι
1112 749 1175 824 L)

130 807 162 872 bi
178 825 273 872 unum
291 808 341 922 ads
353 807 738 978 ign⁰⁵⁰fi¹¹di¹a¹¹id>⁰¹dd¹d⁸
758 769 1055 911 dabanrffidn‘iasii}
1076 819 1108 872 te

52 987 57 1006 Ι
130 932 187 996 pro
202 877 373 997 hominiis<
385 882 588 988 nidenan,
610 879 845 994 quaestoi'e'ido,
866 912 990 978 dicere:
1012 932 1107 994 quam

129 1015 185 1082 tibi
209 1018 342 1102 primdm
367 1016 493 1082 munisti
515 1016 556 1082 ad
576 1026 608 1080 te
625 1016 814 1082 audiendum
829 1016 930 1084 viam!
954 1016 1041 1084 Ecce
1056 1037 1109 1086 au·

129 1132 205 1202 tem,
214 1123 286 1184 crim
299 1133 329 1187 te
342 1122 416 1187 nihil
429 1121 511 1186 aliud
525 1119 693 1206 profecisse
706 1119 882 1198 arbitrarer,
896 1121 953 1186 nisi
965 1132 1000 1187 ut
1011 1121 1108 1186 honri·
1126 1132 1130 1136 ’

3 1267 16 1320 3,
34 1213 40 1222 ’
129 1247 185 1294 nee
194 1226 260 1302 tibi,
275 1225 375 1292 civem
385 1225 562 1310 improbum
572 1223 763 1301 defendenti,
773 1223 1000 1310 ignoscendum
1016 1246 1107 1312 prop·

128 1341 175 1394 ter
188 1329 448 1394 necessitudinem
462 1329 704 1405 arbitrarentur3
724 1347 849 1412 serpere
863 1329 986 1395 occulte
998 1330 1107 1414 eoepis·

128 1432 162 1508 ti,
174 1432 323 1502 nihildum
337 1431 403 1497 aliis
415 1430 654 1518 suspicantibus,
666 1452 717 1496 me
728 1433 800 1497 verd
809 1432 875 1517 jam
888 1433 1107 1516 pertimescen-

13 1590 17 1598 .
127 1547 171 1614 te,
186 1548 221 1602 ut
231 1536 327 1611 iiiam,
338 1555 402 1600 non
414 1533 559 1600 Norbani
570 1535 766 1625 seditionem,
780 1536 836 1602 sed
850 1535 956 1621 popuii
969 1527 1107 1602 Romani

11 1719 16 1727 ι
127 1639 336 1715 iracundiam,
350 1659 454 1722 neque
469 1659 541 1705 eom
556 1639 713 1725 injustam,
734 1629 793 1709 sed
806 1640 950 1706 meritam
966 1662 1005 1706 ae
1020 1640 1117 1708 deni·-

127 1754 193 1810 tam
209 1743 302 1818 ‚inisse
317 1743 512 1810 defenderes.
557 1743 679 1810 Deinde
689 1737 748 1827 'qui
763 1744 850 1810 locus
865 1745 922 1810 abs
937 1757 969 1812 te
982 1757 1107 1832 praeter·

22 1907 25 1916 ,
102 1927 107 1934 Δ
129 1849 236 1914 missus
251 1861 298 1914 est
314 1846 345 1912 in
361 1848 567 1934 Caepionemi
590 1859 623 1914 ut
638 1861 672 1914 tu
687 1849 739 1914 ilia
753 1851 859 1916 omnia
880 1849 964 1928 odio,
983 1851 1106 1930 invidie,

128 1951 337 2048 misericordie
352 1953 518 2018 miscuisti!
543 1952 655 2036 Neque
671 1953 739 2019 haeo
758 1953 858 2019 soldm
871 1955 902 2020 in
914 1953 1107 2032 defensione,

127 2057 181 2122 sed
198 2057 294 2124 etiam
310 2057 339 2122 iu
358 2057 490 2134 Scauro,
510 2058 695 2141 caeterisque
715 2057 792 2122 meis
811 2055 954 2134 testibus,
974 2079 1105 2142 quorum

21 2179 29 2193 ·
127 2153 316 2236 testimonia,
331 2182 393 2226 non
410 2159 590 2238 refellendo,
604 2162 660 2226 sed
675 2161 716 2225 ad
731 2160 867 2226 eundem
888 2162 1040 2244 impetum
1052 2182 1106 2247 po·

127 2264 191 2348 puii
199 2264 422 2349 confugiendo,
435 2263 584 2330 resutristi.
618 2263 792 2336 'Quaacdm
801 2263 857 2330 abs
869 2277 900 2331 te
913 2266 1008 2330 modo
1020 2286 1106 2332 com·

127 2379 385 2443 memorarentur,
408 2367 554 2452 equidem
577 2367 662 2434 nulla
684 2380 845 2454 praecepta
867 2369 1106 2436 desiderabam:

125 2473 218 2540 istam
231 2471 315 2538 euim
328 2471 427 2556 ipsam
440 2472 741 2539 demonstrationem
752 2472 968 2540 defensionum
979 2485 1105 2555 tuarum

126 2576 183 2642 abs
199 2589 229 2642 to
245 2576 313 2660 ipso
328 2587 622 2654 commemoratam,
643 2577 820 2644 doctrinam
845 2599 914 2644 esse
930 2600 992 2644 non
1009 2578 1105 2648 medi·

6 2676 14 2691 '
126 2691 331 2765 ooremputo.
375 2679 483 2764 Atqui,
494 2680 519 2744 si
531 2680 575 2746 ita
586 2681 701 2766 piacet,
713 2681 812 2766 inquit
824 2682 990 2759 Antonius,
1002 2682 1103 2750 trade·
1158 2754 1160 2758 ,

126 2805 194 2850 mus
214 2786 321 2862 etiem,
337 2805 413 2868 ¹quae
433 2805 490 2850 nos
505 2785 592 2869 aequi
607 2786 638 2850 in
653 2785 799 2859 dicendo,
819 2805 952 2870 qumque
969 2785 1104 2850 maxime

109 2901 269 2973 ·rpectare
283 2889 432 2956 solemus:
455 2887 563 2954 docuit
578 2889 660 2954 anim
672 2888 739 2974 jam
755 2909 813 2952 nos
827 2886 922 2973 longa
938 2889 1001 2956 vita
1021 2909 1105 2954 usus·

125 3013 186 3076 que
202 3014 303 3060 rerum
316 2994 532 3069 maximarum,
542 3003 591 3069 ut,
606 2991 718 3076 quibus
732 2992 823 3058 rebus
835 2992 930 3058 animi
943 2993 1103 3060 hominum

125 3110 333 3174 morerentur,
348 3111 534 3164 teneremus.

168 3201 221 3266 LI.
249 3199 405 3284 Equidem
428 3201 561 3287 prirndm
582 3200 781 3269 considerare
802 3201 900 3280 soleo,
924 3202 1103 3287 postuletne
1159 3267 1160 3270 ,

125 3323 240 3372 causa:
263 3325 337 3370 nam
352 3325 455 3388 neque
468 3303 571 3390 parvis
586 3305 616 3370 in
634 3305 726 3374 rebus
749 3305 936 3372 adhibendas
958 3317 1029 3373 sunt
1053 3307 1103 3374 hae

7 3481 22 3500 1
122 3408 250 3474 dicendi
264 3408 361 3484 faces,
381 3429 482 3491 neque
497 3409 541 3474 ita
556 3409 701 3476 animatia
716 3409 905 3486 hominibus,
922 3421 956 3478 ut
971 3409 1044 3476 nihii
1060 3412 1102 3478 ad

74 3515 81 3538 ⁴
122 3533 234 3580 eorum
245 3511 1040 3600 mantasorationeflecteadeaprofioerepossimus3
1060 3535 1101 3579 ne

123 3628 180 3684 aut
195 3617 332 3686 irrisione
351 3626 408 3682 aut
428 3615 502 3682 odio
523 3617 609 3706 digni
632 3629 785 3703 putemur,
806 3617 832 3684 si
854 3629 910 3686 aut
931 3618 1101 3705 tragoedias
