2458 3972
367 111 413 159 ac
435 109 586 162 errrore
610 111 706 163 orm
729 113 877 164 amaror·
1043 95 1109 161 ‚tur

63 225 71 236 '
137 258 247 346 pasca
290 259 503 327 aramme
529 257 615 325 aeas
633 258 920 333 enarrandam
936 259 1106 338 aroana

135 361 259 430 caeteris
270 361 398 439 civibus,
413 363 459 428 vel
472 364 574 446 potius
588 360 752 446 gentibusr
774 361 834 430 elia
848 364 890 428 ris
907 363 1042 439 honoris,
1062 362 1107 448 ip·

134 467 294 544 nominiae,
309 467 435 552 premii,
460 465 601 550 supplicii
612 493 628 544 ς,
643 469 723 544 vere,
738 489 778 534 aa
793 489 892 542 secus,
904 467 977 533 nihil
993 466 1105 537 adhoc
1136 520 1138 528 a

135 583 279 656 tempus:
301 571 356 636 scd
366 591 405 636 ea
419 569 444 634 si
459 591 635 654 sequamur,
650 570 766 640 nullam
782 591 918 652 unquam
927 571 1104 637 remdicem

134 675 180 740 do
192 675 336 758 expedire
347 674 506 760 possimus.
550 673 672 758 Reliqui
684 687 754 740 sunt
770 674 968 758 Peripatetici
980 686 1012 738 et
1022 675 1103 740 Aca·

133 776 270 854 demicir
301 798 479 862 quanquam
496 777 758 844 Academicorum
786 780 900 843 nomen
926 789 972 842 est
998 797 1103 853 unum,

67 943 71 951 .
133 881 298 947 sententio
313 883 400 946 duae:
422 903 495 946 narn
508 882 711 966 Speusippus,
727 880 864 946 Platonis
890 882 1000 946 sororis
1016 881 1103 958 lilius,

133 996 168 1048 et
183 984 388 1072 Xenocrates,
410 986 461 1068 qui
474 985 638 1050 Platonem
653 985 806 1062 audierat,
821 995 862 1062 et,
877 984 930 1068 qui
942 984 1102 1052 Xenocra·

134 1099 211 1162 tem,
226 1087 354 1154 Polemo
366 1100 398 1152 ct
413 1089 545 1152 Crantor
560 1085 633 1152 nilril
649 1087 689 1151 ab
700 1086 936 1170 Aristotele‚qui
949 1087 1008 1152 und
1018 1087 1102 1152 audl-

133 1201 204 1256 erat
219 1191 393 1268 Platonem,
408 1211 601 1280 magnopere·
614 1190 776 1256 dissensit:
799 1191 889 1274 copid
904 1192 1044 1268 sortasse,
1069 1201 1101 1258 et

135 1293 284 1358 varietate
296 1292 431 1370 dicendi,
447 1315 535 1377 pares
548 1315 610 1358 non
623 1294 754 1359 luerunt.
788 1293 942 1358 Arcesilas
958 1295 1100 1378 primum,

132 1395 187 1480 qui
213 1397 414 1464 Polemonem
431 1397 581 1474 audierat,
603 1419 641 1462 ex
667 1397 755 1461 variis
772 1397 909 1460 Platonis
924 1397 1015 1474 libris,
1040 1419 1100 1462 scr·

124 1481 337 1583 'nronibusquc
353 1501 531 1576 Socraticis,
558 1501 617 1564 hcc
634 1501 765 1565 maxime
781 1500 917 1584 arripuit,
943 1501 1016 1564 nilril
1031 1521 1098 1567 esse

131 1602 221 1678 certi,
242 1604 324 1686 quod
338 1604 540 1690 autsonsibus
553 1617 606 1668 aut
621 1604 724 1668 animo
741 1603 856 1687 percipi
870 1602 982 1687 possit:
1005 1623 1097 1685 quem

131 1706 244 1784 serunt,
259 1708 370 1772 eximio
382 1709 519 1792 quodem
532 1730 619 1772 usum
631 1708 735 1792 lepore
751 1709 885 1784 dicendi,
898 1720 1096 1792 aspernatam

130 1825 200 1874 esse
215 1830 307 1876 omne
320 1811 413 1876 animi
426 1811 591 1892 sensrlsque
603 1811 762 1896 judicium,
776 1813 967 1896 primumque
981 1811 1097 1876 institu-

129 1914 202 1988 isse,
217 1915 408 1996 (quanquam
421 1914 451 1978 id
475 1915 531 1978 suit
546 1916 740 1982 Socraticum
756 1919 913 2002 maximia)
935 1940 1007 1994 non,
1022 1919 1095 2002 quid

130 2017 209 2099 ipse·
223 2018 358 2094 sentiret,
373 2020 550 2095 estendere
571 2020 624 2083 sed
641 2033 750 2084 contra
766 2020 806 2096 id,
821 2023 904 2102 quod
919 2023 1046 2103 quisque
1061 2044 1094 2088 sc

129 2120 244 2186 sentire
270 2119 403 2198 dixisset,
426 2122 591 2204 disputare.
636 2121 718 2190 Hinc
742 2124 810 2188 haro
836 2124 987 2189 recentior
1015 2125 1093 2190 Aca·

129 2223 233 2288 dcmia
249 2223 415 2300 emanavit,
430 2225 459 2288 in
476 2224 536 2308 qud
548 2225 660 2292 exstitit
671 2225 772 2291 divini
784 2225 918 2309 quddam
933 2227 1091 2294 celeritate

129 2326 246 2412 ingenii
261 2327 444 2410 dicendique
456 2328 546 2412 copiis
558 2328 757 2424 Carneadem
777 2329 862 2415 cujus
878 2352 938 2414 ego
951 2329 1007 2394 etsi
1017 2331 1092 2396 mul·

129 2443 179 2496 tos
195 2431 349 2500 auditores
364 2432 496 2516 cognovi
512 2431 650 2510 Athenis,
675 2446 779 2498 tamen
796 2444 938 2498 auctores
963 2436 1092 2500 certissi-

128 2553 198 2599 mos
213 2531 340 2604 laudere
356 2555 490 2619 possum,
511 2545 543 2599 et
557 2557 696 2606 socerum
714 2559 816 2602 meum
840 2538 1024 2617 Scaevolam,
1038 2541 1091 2622 qui

128 2659 201 2703 eum
229 2638 340 2702 Romae
355 2637 469 2706 audivit
496 2639 686 2718 adolescens,
711 2653 742 2704 et
767 2641 809 2712 Q.
825 2641 984 2708 Metellum
1001 2643 1037 2714 L.
1053 2643 1088 2712 F.

128 2741 311 2806 familiarem
337 2764 450 2820 meum,
475 2743 675 2809 clarissimum
695 2746 800 2820 viram,
825 2744 876 2826 qui
901 2744 983 2810 illum
1011 2767 1030 2810 a
1054 2769 1089 2814 se

129 2835 328 2914 adolescente
354 2846 495 2923 Athenis,
518 2847 581 2930 jam
609 2829 754 2914 effectrim
781 2857 952 2924 senectute,
976 2847 1090 2920 multos

129 2952 195 3016 dies
208 2951 346 3016 auditum
361 2971 428 3016 esse
443 2949 575 3014 dicebat.

171 3051 258 3124 XIX.
281 3053 361 3124 Hae
376 3067 490 3131 autem,
505 3063 538 3120 ut
553 3073 589 3118 ex
611 3054 776 3138 Apennino
797 3055 965 3135 fluminum,
989 3035 1086 3126 sicea

127 3159 286 3228 communi
311 3157 497 3244 sapientium
516 3157 603 3242 jugo,
627 3171 695 3224 suot
711 3159 918 3226 doctrinarum
935 3161 1019 3227 facta
1043 3163 1087 3228 di·

126 3261 235 3339 vertis,
249 3274 283 3332 ut
298 3261 479 3346 philosophi,
493 3273 641 3344 tanquam
655 3261 685 3328 in
707 3283 852 3347 superum
867 3283 951 3332 maro
963 3263 1085 3334 lonium

126 3365 308 3440 defluerent,
330 3363 474 3434 Graecum
491 3365 660 3449 quoddam,
681 3379 712 3432 et
728 3379 926 3450 portuosuma
945 3379 1084 3440 oratores

127 3481 233 3536 autern
245 3466 275 3530 in
287 3465 415 3532 inferum
429 3467 488 3532 lrcc
499 3467 648 3547 Tuscum,
658 3482 690 3538 et
702 3469 876 3548 barbarum,
887 3471 1083 3558 scopulosam

127 3585 221 3656 atque
236 3567 389 3648 insertum.
412 3569 596 3650 laberentur,
622 3571 652 3642 in
677 3575 848 3664 quostiam
868 3575 932 3668 ipse
958 3577 1082 3668 Ulysses

576 3678 635 3750 tt*

1151 3840 1202 3864 fi

1128 3911 1202 3938 A-
