2400 3980
12 179 14 270 y
321 143 364 188 on
384 143 531 189 corrono
550 143 789 192 craterarum.
1002 133 1041 190 ιι

73 291 151 359 llam
167 313 267 370 nnnc,
291 291 403 376 quibus
417 290 603 356 studendum
617 289 826 372 rebus-esser,
851 293 1041 380 accepimus,
1127 321 1134 338 ·

70 398 151 482 quod
167 397 272 482 ipsum
288 406 336 460 est
355 407 460 460 tamen
476 415 645 480 magnum,
665 395 720 459 sed
736 394 801 459 vias
816 417 922 462 earum
937 417 1040 464 rerum

69 501 288 584 rationemque
304 498 446 584 cupimus
456 519 658 584 cognoscere.
701 497 829 575 Quidni,
841 499 939 584 inquit
951 503 1044 567 ctas

67 627 129 682 sne,
145 605 299 689 quoniam
313 623 385 687 ego,
409 605 471 686 qno
496 602 613 668 facilius
628 625 683 669 vos
708 603 792 688 apud
815 623 865 668 me
891 613 1039 683 tenerem,

68 721 180 774 restrae
197 707 300 791 potius
325 706 492 771 obsecutus
506 727 573 772 sum
594 707 754 785 voluntati,
779 709 872 791 quem
889 714 942 770 aut
967 727 1041 770 con·

68 811 236 888 suetudini,
252 822 304 874 aut
320 822 439 874 neturae
455 828 545 887 meae,
565 811 696 894 petimus
711 811 752 874 eb
768 810 917 886 Antonio,
941 817 976 873 ut
990 827 1039 887 ca,

17 951 20 957 ·
69 937 141 999 quae
158 915 311 991 continet,
325 915 545 998 nequc'sdhuc
558 913 694 999 protulit,
718 935 757 979 cx
771 905 882 999 quillus
896 934 992 984 unum
1007 903 1040 978 li·
1122 973 1125 982 .

12 1051 14 1116 q
70 1019 187 1084 bellurn
202 1017 261 1082 sibi
275 1018 423 1082 excidisse
433 1017 618 1103 jamdudum
633 1030 759 1102 questus
770 1029 827 1096 est,
842 1019 976 1104 explicet
986 1039 1040 1084 no·

70 1124 127 1199 bis,
140 1132 174 1188 et
189 1122 242 1185 illa
252 1121 377 1186 dicendi
392 1122 535 1206 mysteria
557 1123 716 1188 enuntietl
739 1121 782 1188 Ut
797 1122 925 1201 ridetur,
940 1123 1039 1207 inquit

71 1224 247 1310 Sulpicius:
270 1245 343 1290 nem
359 1224 495 1290 Antonio
509 1224 644 1302 dicente,
665 1225 761 1290 etiem
775 1226 850 1308 quid
866 1236 898 1290 tu
913 1226 1038 1302 sentias,

70 1329 288 1413 intelligemus.
332 1328 409 1395 Peto
424 1329 524 1415 igitur,
539 1327 637 1411 inquit
652 1329 790 1405 Crassus,
803 1350 821 1392 a
836 1339 878 1406 te,
889 1327 1037 1411 quoniam

71 1436 101 1498 id
116 1433 219 1511 nobis,
234 1419 363 1510 Antoni,
383 1432 558 1497 hominibus
573 1432 602 1495 id
619 1431 730 1508 astatis,
756 1431 857 1494 oneris
872 1430 913 1494 ab
928 1431 1036 1496 horum

72 1537 319 1604 adolescentium
339 1537 444 1600 studiis
459 1534 635 1621 imponitur,
649 1545 683 1598 ut
696 1554 845 1618 exponas,
859 1532 938 1622 quid¹
947 1533 982 1598 iis
997 1533 1037 1599 dc

71 1644 174 1720 rebus,
184 1661 263 1725 quas
278 1663 298 1706 e
313 1652 343 1705 te
358 1640 453 1724 quaeri
464 1641 559 1719 vides,
570 1641 694 1705 sentiar.
881 1621 884 1627 ¹

12 1745 14 1752 ’
113 1745 263 1811 XLVIII.
285 1745 520 1828 Deprehensum
534 1746 677 1827 equidem
692 1765 752 1822 me,
766 1744 863 1827 inquit
875 1743 1037 1822 Antonius,

71 1853 165 1937 plane
180 1851 271 1915 video
287 1861 379 1930 atque
394 1850 503 1926 sentio,
514 1863 579 1913 non
592 1849 691 1914 tolum
702 1851 784 1932 quod
797 1846 835 1914 ea
846 1849 1040 1930 requiruntur
1058 1907 1060 1915 .

72 1975 166 2032 ame,
176 1973 307 2036 quorum
317 1973 384 2016 sum
396 1953 517 2038 Ignarus
530 1965 622 2034 etque
631 1953 776 2027 insolens,
796 1953 850 2016 sed
861 1953 942 2032 quia,
953 1953 1035 2034 quod

71 2060 102 2123 in
114 2059 218 2124 causis
230 2057 319 2121 valde
331 2055 435 2141 fugere
446 2056 541 2132 soleo,
557 2077 594 2120 ne
607 2055 672 2132 tibI,
684 2055 805 2132 Crasse,
816 2055 994 2130 succedam,
1005 2053 1036 2117 id

72 2183 123 2228 mc
139 2183 223 2226 nunc
238 2162 285 2225 isti
297 2162 392 2229 vitare
404 2183 465 2226 non
476 2160 587 2224 sinunt.
631 2158 745 2220 Verum
759 2157 819 2220 hoc
830 2156 984 2239 ingrediar
995 2155 1036 2219 ed

72 2289 122 2344 ee,
138 2285 208 2348 quae
222 2265 320 2342 vultis,
335 2265 492 2338 audacius,
511 2262 594 2343 quod
609 2261 692 2325 idem
705 2260 779 2323 mihi
793 2279 884 2342 spero
898 2277 953 2320 usu
968 2277 1036 2322 esse

72 2381 241 2438 venturum
251 2369 281 2434 in
298 2369 359 2432 hac
374 2367 591 2452 disputatione,
608 2365 690 2446 quod
707 2363 735 2426 in
751 2362 885 2426 dicendo
899 2359 988 2439 solet,
1002 2371 1036 2426 ut

73 2471 600 2560 nullaexspecteturornntaoratio.
632 2469 742 2551 Neque
752 2469 833 2533 enim
843 2467 958 2532 sumde
968 2478 1035 2534 arte

73 2580 220 2657 dicturus,
242 2599 335 2660 quam
357 2597 513 2658 nunquam
534 2574 637 2652 didici,
658 2575 712 2638 sed
737 2574 776 2638 de
792 2572 860 2638 mesi
874 2582 1035 2636 consuetu,-

72 2685 166 2759 diae}
187 2685 313 2766 ipsaque
328 2682 388 2759 illa,
410 2701 478 2762 quae
498 2681 529 2742 ¹in
551 2677 806 2743 commentarium
821 2685 924 2740 meum
937 2675 1035 2752 retuli,

73 2800 145 2853 sunt
166 2787 325 2873 ejusmodi,
347 2807 408 2850 non
432 2783 531 2866 aliqui
550 2784 622 2846 mihi
637 2780 912 2854 doctrinstradtta
933 2779 987 2842 sed
1003 2779 1034 2842 in

74 2912 178 2958 rerum
198 2911 254 2956 usu
274 2892 434 2972 causisque
452 2898 603 2953 tractatu:
623 2907 693 2968 quae
706 2886 731 2949 si
746 2885 841 2959 vobis,
862 2881 1034 2946 hominibus

67 2995 294 3074 eruditissime,
304 3017 365 3058 non
377 2992 596 3078 probabuntur,
604 3001 737 3053 vestram
746 2989 936 3070 iniquitatem
945 3007 1036 3057 accu-

74 3111 187 3176 satote,
200 3100 250 3181 qui
265 3120 303 3163 cx
318 3090 421 3176 mesca
432 3091 619 3177 quesieritis,
632 3112 701 3173 quae
712 3113 772 3177 ego
783 3091 933 3156 nescirem
943 3108 959 3164 ιΔ
973 3109 1035 3156 me·

75 3193 1034 3280 amfacilitstemlnudatote,cumvobis',nonmecjudicio,scd

43 3355 52 3378 ι
74 3317 176 3374 vestro
197 3307 298 3371 studio
320 3305 471 3379 inductus,
493 3321 554 3364 oon
571 3299 698 3384 gravate
712 3299 909 3381 respondero.
952 3296 1034 3360 Tum

76 3414 214 3487 Crassus,
236 3409 335 3491 Perge
356 3407 461 3482 modo,
481 3403 588 3486 inquit,
605 3400 739 3467 Antoni:
760 3400 875 3464 nullum
890 3409 937 3463 est
951 3401 1034 3465 eninr

76 3515 254 3602 periculum,
268 3531 309 3575 ne
323 3511 442 3592 quidm
456 3507 612 3598 eloquare,
626 3503 682 3569 nisi
693 3502 736 3566 itn
748 3502 923 3586 prudenter,
938 3512 971 3566 ut
982 3523 1034 3568 ne·

77 3622 190 3686 minem
204 3613 341 3682 noslrrlm
356 3612 505 3698 paeniteat
526 3611 567 3674 ad
588 3609 670 3675 hunc
690 3617 722 3672 te
743 3608 918 3672 sermonem
938 3605 1035 3690 impu·

77 3724 154 3790 liese.
