2458 3972
158 113 233 172 buo
399 125 442 170 ut
464 119 614 198 burron
637 121 905 170 mmmmm.
930 165 934 171 .

162 291 324 345 ¹uersuum
338 283 472 347 mutum,
490 283 639 352 quantum
652 286 825 356 possumus,
835 281 985 356 questum
998 268 1144 354 iugenio,
1218 263 1219 278 ¹

167 393 316 459 quantum
328 373 479 438 mediocri
495 369 645 451 doctrind,
662 387 818 456 ,quontum
833 395 887 436 mu
902 371 1063 436 volemus:
1087 397 1139 438 ue·

167 501 227 561 que
244 494 348 544 tumen
364 477 438 552 istis,
454 478 546 560 quiin
568 477 628 540 und
641 473 836 560 philosophie
847 473 935 558 quusi
949 475 1137 540 tubernacu-

167 583 231 647 lum
247 583 316 646 vitm
332 580 610 658 suaecollocdrunt,
636 580 765 644 multum
781 582 853 644 ssub
876 579 906 642 in
922 579 1135 663 disputatione

168 689 379 752 concedimus.

207 791 296 853 XXI.
320 789 406 857 Quid
424 789 504 850 enim
531 809 618 850 meus
644 783 850 850 lanliliurisC.
873 783 1007 850 Velleius
1024 785 1134 850 afferro

167 907 280 978 potest,
302 877 659 975 quarnobrem'voluptes
674 890 712 954 sit
727 907 879 954 summum
905 889 1033 966 bonum,
1050 893 1133 971 quod

165 1019 226 1081 ogo
250 1017 311 1058 non
327 995 479 1076 copiosius
495 995 609 1076 possim
633 993 681 1058 vel
703 993 803 1068 tutari,
817 991 842 1054 si
858 991 961 1068 velim,
984 993 1031 1056 vel
1049 995 1135 1059 refol·
1216 1014 1219 1026 ¹

60 1110 63 1118 '
164 1100 238 1174 lere,
253 1120 291 1162 ex
306 1098 361 1160 illis
377 1096 462 1172 locis,
485 1119 562 1180 quos
585 1097 726 1182 exposuit
742 1097 906 1172 Antonine,
929 1096 992 1160 lroe
1005 1097 1134 1162 dicendi

165 1203 399 1278 exercitatione,
411 1201 440 1264 in
454 1201 514 1283 quel
528 1201 664 1266 Velleius
679 1213 725 1264 cst
737 1201 827 1275 rudiS,
838 1202 1050 1282 unusquisque
1064 1225 1133 1266 nos·
1218 1269 1219 1282 ,

165 1307 246 1371 trrlm
261 1306 420 1370 versutus?
444 1305 531 1374 Quid
552 1316 608 1382 est,
624 1305 707 1387 quod
720 1316 772 1368 out
795 1303 866 1367 Sex.
883 1303 1061 1389 Pompeius,
1078 1322 1133 1372 out
1216 1285 1219 1298 ⁴

164 1413 226 1476 duo
242 1411 343 1487 Balbi,
355 1423 408 1474 aut
425 1431 510 1474 meus
527 1410 655 1484 amicus,
670 1409 721 1491 qui
734 1429 805 1472 cum
819 1407 959 1504 Peucetio
977 1411 1059 1486 vixit,
1086 1412 1131 1478 M.

165 1517 322 1599 Vigellius,
337 1515 376 1578 de
391 1516 498 1578 virtute
514 1514 670 1594 (homines
687 1512 796 1596 Stoici)
811 1513 928 1594 possint
943 1513 1059 1589 dicere,
1072 1515 1133 1595 quei

164 1622 195 1683 in
208 1621 416 1702 disputatione
439 1639 499 1699 ego
515 1618 560 1680 his
582 1617 724 1690 debeam,
737 1629 790 1678 out
806 1617 938 1702 vestrlrm
955 1617 1132 1700 quisquam,

165 1723 361 1786 concedere?
384 1721 415 1783 N
418 1741 457 1783 on
473 1734 520 1782 est
530 1721 611 1782 enim
627 1718 820 1803 philosophie
842 1720 945 1784 similis
958 1721 1069 1786 artium
1087 1746 1132 1786 re·

164 1825 334 1906 liquerunt:
357 1845 429 1904 nem
455 1823 527 1904 quid
544 1822 681 1888 facietin
703 1823 884 1906 geometria,
907 1825 970 1906 qui
974 1847 1036 1888 nou
1052 1827 1132 1891 didi·

163 1929 260 1997 ceriti
284 1928 388 2010 quid
381 1949 412 1990 rn
439 1927 584 1990 musicis?
610 1937 664 1990 sut
686 1935 801 2003 taceat,
817 1929 982 2012 oportebit,
1009 1942 1062 1993 aut
1088 1954 1131 1996 ue

163 2047 255 2103 sanus
260 2008 393 2122 quidem
400 2031 592 2156 judicetur
609 2030 779 2106 Haecverd,
791 2053 860 2112 quae
872 2033 982 2098 suntin
996 2033 1132 2116 philoso-

57 2130 60 2152 ”
80 2139 82 2148 ’
98 2112 117 2155 “⁰
130 2122 135 2133 s
148 2116 257 2232 'plrirq
257 2112 386 2220 intentis
402 2099 537 2198 crutllll*
499 2142 558 2212 lui,
537 2097 628 2198 dd
629 2135 657 2198 id
660 2133 788 2218 ,quod
780 2155 810 2197 lu
827 2156 950 2216 quoquo
965 2138 1130 2207 verisimile
1208 2177 1212 2182 -

162 2251 219 2317 est,
242 2241 437 2316 eliciendum,
453 2238 551 2302 acutis
569 2252 662 2323 etque
676 2237 819 2314 acribus,
840 2259 940 2321 eaque
956 2239 1059 2304 exerci
1062 2241 1131 2304 tata

162 2345 301 2408 oratione
315 2345 476 2426 poliuntur.
519 2343 581 2408 Hic
597 2353 698 2415 noster
712 2343 844 2426 vulgaris
860 2354 973 2418 orator,
988 2344 1012 2406 si
1027 2345 1129 2412 miuus
1216 2409 1219 2426 ,

162 2449 218 2511 erit
230 2448 350 2522 doctus,
363 2459 500 2510 attamen
513 2445 542 2508 in
559 2446 691 2510 dicendo
706 2445 902 2536 exercitatus,
917 2447 979 2512 bec
994 2445 1061 2530 ipse
1076 2471 1130 2512 ox·

162 2549 343 2620 ercitatione'
360 2550 527 2624 communi,
538 2548 611 2612 istos
623 2549 745 2630 quidem
762 2549 913 2636 [nostros]
930 2551 1106 2618 verberabit
1120 2581 1129 2632 ς

161 2675 262 2735 neque
287 2667 321 2716 se
339 2651 428 2716 abiis
444 2653 600 2716 contemni
614 2673 653 2716 nc
668 2651 787 2735 despici
811 2655 899 2720 sinet.
944 2655 999 2720 Sin
1015 2657 1128 2738 uliquis

161 2756 309 2826 exstiterit
320 2757 501 2838 eliquund0‚
515 2755 567 2838 qui
581 2756 756 2824 Aristotelio
771 2779 856 2823 roure
868 2759 911 2822 de
923 2760 1065 2825 omnibus
1079 2783 1128 2824 re-

161 2862 218 2930 bus
234 2863 263 2926 in
290 2873 451 2942 utrumque
466 2863 651 2936 sententlem
676 2861 770 2946 possit
795 2863 909 2938 dicere,
935 2864 1011 2926 etin
1038 2867 1128 2930 omni

128 3045 135 3058 Ι
161 2964 255 3028 csusd
270 2965 347 3028 dues
359 2965 704 3041 contrariosorationes,
719 2966 880 3048 praeceptis
890 2965 966 3032 illius
978 2967 1126 3050 cognitis,
1218 2979 1219 2982 ’

160 3063 346 3148 explicare,
340 3078 395 3129 eut
410 3068 470 3132 lroc
482 3066 626 3134 Arcesilse
642 3071 747 3145 modo,
761 3081 793 3132 et
815 3069 999 3145 Carneadis,
1011 3083 1126 3138 contre

160 3192 263 3246 omne,
276 3171 358 3256 quod
376 3173 569 3258 propositum
575 3173 622 3248 stt
637 3173 785 3247 disserens
806 3173 917 3265 quique
933 3173 973 3236 ed
988 3195 1060 3240 eam
1076 3196 1125 3238 ra-

159 3267 276 3344 tionem
291 3273 440 3358 adjungat
455 3275 536 3340 lrunc
550 3275 735 3358 rhetoricum
750 3295 851 3352 usum,
873 3295 1054 3362 moremque
1070 3299 1124 3342 ex
1191 3277 1196 3282 ’

158 3377 434 3460 ercitationemque
450 3359 604 3456 dicendi,'
596 3401 621 3442 rs
635 3377 688 3442 sit
686 3397 787 3455 verus,
800 3379 824 3442 is
846 3365 1048 3496 perlectus,
1033 3402 1057 3444 rs
1071 3365 1125 3446 so

158 3479 204 3550 lus
219 3491 331 3544 orator.
361 3479 405 3543 N
408 3503 457 3546 em
480 3501 579 3563 neque
595 3480 660 3544 sino
675 3481 844 3546 forensibus
859 3483 965 3553 nervis
972 3483 1060 3548 sutis
1070 3507 1124 3552 ve·

158 3583 286 3654 senens
301 3593 332 3652 et
346 3583 457 3673 gravis,
472 3605 531 3654 uec
548 3584 613 3653 sine
629 3597 777 3658 verietate
788 3586 941 3660 doctrinis
952 3589 1028 3664 sutis
1043 3568 1129 3680 polis
