<?xml version="1.0" encoding="UTF-8"?>
<!DOCTYPE html PUBLIC "-//W3C//DTD XHTML 1.0 Transitional//EN"
    "http://www.w3.org/TR/xhtml1/DTD/xhtml1-transitional.dtd">
<html xmlns="http://www.w3.org/1999/xhtml" xml:lang="en" lang="en">
 <head>
  <title>
</title>
<meta http-equiv="Content-Type" content="text/html;charset=utf-8" />
  <meta name='ocr-system' content='tesseract 3.04.00' />
  <meta name='ocr-capabilities' content='ocr_page ocr_carea ocr_par ocr_line ocrx_word'/>
</head>
<body>
  <div class='ocr_page' id='page_1' title='image "./mtuliiciceronis01cicegoog/mtuliiciceronis01cicegoog_0067.png"; bbox 0 0 2400 3980; ppageno 0'>
   <div class='ocr_carea' id='block_1_1' title="bbox 40 87 867 214">
    <p class='ocr_par' dir='ltr' id='par_1_1' title="bbox 40 87 867 214">
     <span class='ocr_line' id='line_1_1' title="bbox 40 87 867 214; baseline 0.005 -42"><span class='ocrx_word' id='word_1_1' title='bbox 40 122 60 188; x_wconf 73' lang='lat'>,¹</span> <span class='ocrx_word' id='word_1_2' title='bbox 147 116 188 172; x_wconf 78' lang='lat'>54</span> <span class='ocrx_word' id='word_1_3' title='bbox 399 87 605 214; x_wconf 44' lang='lat' dir='ltr'>nn&#39;onqronn</span> <span class='ocrx_word' id='word_1_4' title='bbox 622 129 718 174; x_wconf 81' lang='lat' dir='ltr'>crona</span> <span class='ocrx_word' id='word_1_5' title='bbox 739 129 867 176; x_wconf 74' lang='lat' dir='ltr'>iniunt.</span> 
     </span>
    </p>
   </div>
   <div class='ocr_carea' id='block_1_2' title="bbox 62 275 1188 3693">
    <p class='ocr_par' dir='ltr' id='par_1_2' title="bbox 62 275 1188 3693">
     <span class='ocr_line' id='line_1_2' title="bbox 148 275 1136 364; baseline 0.003 -25"><span class='ocrx_word' id='word_1_6' title='bbox 148 295 208 358; x_wconf 82' lang='lat' dir='ltr'>qno</span> <span class='ocrx_word' id='word_1_7' title='bbox 223 275 364 342; x_wconf 85' lang='lat' dir='ltr'>nocentis</span> <span class='ocrx_word' id='word_1_8' title='bbox 379 275 475 362; x_wconf 81' lang='lat' dir='ltr'>ponit</span> <span class='ocrx_word' id='word_1_9' title='bbox 497 275 634 343; x_wconf 88' lang='lat' dir='ltr'>dicendo</span> <span class='ocrx_word' id='word_1_10' title='bbox 648 275 799 362; x_wconf 81' lang='lat' dir='ltr'>subjicere</span> <span class='ocrx_word' id='word_1_11' title='bbox 821 277 894 343; x_wconf 90' lang='lat' dir='ltr'>odio</span> <span class='ocrx_word' id='word_1_12' title='bbox 908 276 1032 355; x_wconf 84' lang='lat' dir='ltr'>civium,</span> <span class='ocrx_word' id='word_1_13' title='bbox 1046 295 1136 364; x_wconf 85' lang='lat' dir='ltr'>sup-</span> 
     </span>
     <span class='ocr_line' id='line_1_3' title="bbox 147 379 1135 467; baseline 0.005 -24"><span class='ocrx_word' id='word_1_14' title='bbox 147 379 304 465; x_wconf 79' lang='lat' dir='ltr'>plicioque</span> <span class='ocrx_word' id='word_1_15' title='bbox 318 381 549 466; x_wconf 78' lang='lat' dir='ltr'>constringere:</span> <span class='ocrx_word' id='word_1_16' title='bbox 571 379 716 462; x_wconf 82' lang='lat' dir='ltr'><strong>idemque</strong></span> <span class='ocrx_word' id='word_1_17' title='bbox 741 380 857 466; x_wconf 84' lang='lat' dir='ltr'>ingenii</span> <span class='ocrx_word' id='word_1_18' title='bbox 871 381 1014 467; x_wconf 79' lang='lat' dir='ltr'>praesidio</span> <span class='ocrx_word' id='word_1_19' title='bbox 1029 382 1135 448; x_wconf 91' lang='lat' dir='ltr'>inno·</span> 
     </span>
     <span class='ocr_line' id='line_1_4' title="bbox 62 465 1132 571; baseline 0.001 -22"><span class='ocrx_word' id='word_1_20' title='bbox 62 497 64 508; x_wconf 89' lang='grc'><strong><em>·</em></strong></span> <span class='ocrx_word' id='word_1_21' title='bbox 147 483 285 550; x_wconf 75' lang='lat' dir='ltr'>centiam</span> <span class='ocrx_word' id='word_1_22' title='bbox 306 484 493 571; x_wconf 88' lang='lat' dir='ltr'>judiciorum</span> <span class='ocrx_word' id='word_1_23' title='bbox 518 483 612 569; x_wconf 71' lang='lat' dir='ltr'>poend</span> <span class='ocrx_word' id='word_1_24' title='bbox 625 483 774 550; x_wconf 84' lang='lat' dir='ltr'>liberare:</span> <span class='ocrx_word' id='word_1_25' title='bbox 797 485 941 567; x_wconf 84' lang='lat' dir='ltr'>idemque</span> <span class='ocrx_word' id='word_1_26' title='bbox 966 465 1132 571; x_wconf 65' lang='lat' dir='ltr'>langu&#39;on·</span> 
     </span>
     <span class='ocr_line' id='line_1_5' title="bbox 105 588 1132 680; baseline 0.001 -27"><span class='ocrx_word' id='word_1_27' title='bbox 105 677 106 680; x_wconf 8' lang='grc' dir='ltr'><strong>Ἴ</strong></span> <span class='ocrx_word' id='word_1_28' title='bbox 147 601 212 654; x_wconf 89' lang='lat' dir='ltr'>tem</span> <span class='ocrx_word' id='word_1_29' title='bbox 226 589 446 672; x_wconf 78' lang='lat' dir='ltr'>labentemque</span> <span class='ocrx_word' id='word_1_30' title='bbox 461 588 610 673; x_wconf 71' lang='lat' dir='ltr'>populum</span> <span class='ocrx_word' id='word_1_31' title='bbox 635 599 688 652; x_wconf 80' lang='lat' dir='ltr'>aut</span> <span class='ocrx_word' id='word_1_32' title='bbox 714 588 755 653; x_wconf 85' lang='lat' dir='ltr'>ad</span> <span class='ocrx_word' id='word_1_33' title='bbox 780 589 875 654; x_wconf 86' lang='lat' dir='ltr'>decus</span> <span class='ocrx_word' id='word_1_34' title='bbox 890 589 1037 667; x_wconf 82' lang='lat' dir='ltr'>excitare,</span> <span class='ocrx_word' id='word_1_35' title='bbox 1064 601 1132 654; x_wconf 88' lang='lat' dir='ltr'>aut</span> 
     </span>
     <span class='ocr_line' id='line_1_6' title="bbox 118 691 1129 778; baseline 0 -20"><span class='ocrx_word' id='word_1_36' title='bbox 118 693 119 698; x_wconf 72' lang='grc'>’</span> <span class='ocrx_word' id='word_1_37' title='bbox 146 693 188 758; x_wconf 85' lang='lat' dir='ltr'>ab</span> <span class='ocrx_word' id='word_1_38' title='bbox 196 711 304 759; x_wconf 84' lang='lat' dir='ltr'>‘errore</span> <span class='ocrx_word' id='word_1_39' title='bbox 320 693 485 768; x_wconf 81' lang='lat' dir='ltr'>deducere,</span> <span class='ocrx_word' id='word_1_40' title='bbox 502 701 555 756; x_wconf 80' lang='lat' dir='ltr'>aut</span> <span class='ocrx_word' id='word_1_41' title='bbox 569 691 763 758; x_wconf 76' lang='lat' dir='ltr'>inflammare</span> <span class='ocrx_word' id='word_1_42' title='bbox 777 691 807 756; x_wconf 90' lang='lat' dir='ltr'>in</span> <span class='ocrx_word' id='word_1_43' title='bbox 820 694 989 778; x_wconf 90' lang='lat' dir='ltr'>improbos,</span> <span class='ocrx_word' id='word_1_44' title='bbox 1004 703 1060 758; x_wconf 82' lang='lat' dir='ltr'>aut</span> <span class='ocrx_word' id='word_1_45' title='bbox 1076 694 1129 758; x_wconf 91' lang='lat' dir='ltr'>in·</span> 
     </span>
     <span class='ocr_line' id='line_1_7' title="bbox 144 795 1130 880; baseline 0 -18"><span class='ocrx_word' id='word_1_46' title='bbox 144 796 277 862; x_wconf 83' lang='lat' dir='ltr'>citatum</span> <span class='ocrx_word' id='word_1_47' title='bbox 302 797 333 858; x_wconf 95' lang='lat' dir='ltr'>in</span> <span class='ocrx_word' id='word_1_48' title='bbox 350 796 447 860; x_wconf 87' lang='lat' dir='ltr'>bonos</span> <span class='ocrx_word' id='word_1_49' title='bbox 471 795 632 880; x_wconf 82' lang='lat' dir='ltr'>mitigare:</span> <span class='ocrx_word' id='word_1_50' title='bbox 654 797 715 878; x_wconf 87' lang='lat' dir='ltr'>qui</span> <span class='ocrx_word' id='word_1_51' title='bbox 729 796 874 878; x_wconf 86' lang='lat' dir='ltr'>denique,</span> <span class='ocrx_word' id='word_1_52' title='bbox 899 817 1130 880; x_wconf 85' lang='lat' dir='ltr'>quemcunque</span> 
     </span>
     <span class='ocr_line' id='line_1_8' title="bbox 145 897 1127 986; baseline 0 -22"><span class='ocrx_word' id='word_1_53' title='bbox 145 898 302 970; x_wconf 87' lang='lat' dir='ltr'>inanimis</span> <span class='ocrx_word' id='word_1_54' title='bbox 327 897 487 963; x_wconf 90' lang='lat' dir='ltr'>hominum</span> <span class='ocrx_word' id='word_1_55' title='bbox 502 908 621 962; x_wconf 90' lang='lat' dir='ltr'>motum</span> <span class='ocrx_word' id='word_1_56' title='bbox 647 920 695 965; x_wconf 87' lang='lat' dir='ltr'>res</span> <span class='ocrx_word' id='word_1_57' title='bbox 711 912 743 966; x_wconf 90' lang='lat' dir='ltr'>et</span> <span class='ocrx_word' id='word_1_58' title='bbox 762 901 1019 986; x_wconf 81' lang='lat' dir='ltr'>causapostulet,</span> <span class='ocrx_word' id='word_1_59' title='bbox 1044 920 1127 964; x_wconf 90' lang='lat' dir='ltr'>eum</span> 
     </span>
     <span class='ocr_line' id='line_1_9' title="bbox 144 985 1124 1086; baseline -0.003 -18"><span class='ocrx_word' id='word_1_60' title='bbox 144 1002 281 1069; x_wconf 91' lang='lat' dir='ltr'>dicendo</span> <span class='ocrx_word' id='word_1_61' title='bbox 296 1002 344 1067; x_wconf 90' lang='lat' dir='ltr'>vel</span> <span class='ocrx_word' id='word_1_62' title='bbox 369 985 505 1067; x_wconf 77' lang='lat' dir='ltr'>excitare</span> <span class='ocrx_word' id='word_1_63' title='bbox 521 989 628 1086; x_wconf 75' lang='lat' dir='ltr'>possit,</span> <span class='ocrx_word' id='word_1_64' title='bbox 649 1003 698 1068; x_wconf 88' lang='lat' dir='ltr'>vel</span> <span class='ocrx_word' id='word_1_65' title='bbox 721 1004 839 1070; x_wconf 81' lang='lat' dir='ltr'>sedare.</span> <span class='ocrx_word' id='word_1_66' title='bbox 884 1003 978 1069; x_wconf 86' lang='lat' dir='ltr'>Hanc</span> <span class='ocrx_word' id='word_1_67' title='bbox 1003 1003 1068 1067; x_wconf 90' lang='lat' dir='ltr'>vim</span> <span class='ocrx_word' id='word_1_68' title='bbox 1093 1003 1124 1067; x_wconf 88' lang='lat' dir='ltr'>si</span> 
     </span>
     <span class='ocr_line' id='line_1_10' title="bbox 145 1105 1124 1192; baseline 0.001 -21"><span class='ocrx_word' id='word_1_69' title='bbox 145 1106 213 1189; x_wconf 87' lang='lat' dir='ltr'>quis</span> <span class='ocrx_word' id='word_1_70' title='bbox 226 1106 391 1183; x_wconf 82' lang='lat' dir='ltr'>existimat,</span> <span class='ocrx_word' id='word_1_71' title='bbox 406 1116 460 1170; x_wconf 83' lang='lat' dir='ltr'>aut</span> <span class='ocrx_word' id='word_1_72' title='bbox 474 1106 515 1170; x_wconf 90' lang='lat' dir='ltr'>ab</span> <span class='ocrx_word' id='word_1_73' title='bbox 530 1105 575 1184; x_wconf 84' lang='lat' dir='ltr'>iis,</span> <span class='ocrx_word' id='word_1_74' title='bbox 590 1106 643 1188; x_wconf 90' lang='lat' dir='ltr'>qui</span> <span class='ocrx_word' id='word_1_75' title='bbox 657 1108 697 1172; x_wconf 90' lang='lat' dir='ltr'>de</span> <span class='ocrx_word' id='word_1_76' title='bbox 712 1107 837 1172; x_wconf 89' lang='lat' dir='ltr'>dicendi</span> <span class='ocrx_word' id='word_1_77' title='bbox 852 1107 972 1172; x_wconf 87' lang='lat' dir='ltr'>ratione</span> <span class='ocrx_word' id='word_1_78' title='bbox 987 1107 1124 1192; x_wconf 85' lang='lat' dir='ltr'>scripse·</span> 
     </span>
     <span class='ocr_line' id='line_1_11' title="bbox 144 1211 1122 1296; baseline -0.002 -20"><span class='ocrx_word' id='word_1_79' title='bbox 144 1222 225 1288; x_wconf 83' lang='lat' dir='ltr'>runt,</span> <span class='ocrx_word' id='word_1_80' title='bbox 238 1211 506 1296; x_wconf 80' lang='lat' dir='ltr'>expositamcsse,</span> <span class='ocrx_word' id='word_1_81' title='bbox 532 1223 585 1276; x_wconf 86' lang='lat' dir='ltr'>aut</span> <span class='ocrx_word' id='word_1_82' title='bbox 599 1233 620 1274; x_wconf 85' lang='lat' dir='ltr'>a</span> <span class='ocrx_word' id='word_1_83' title='bbox 635 1231 685 1275; x_wconf 88' lang='lat' dir='ltr'>me</span> <span class='ocrx_word' id='word_1_84' title='bbox 701 1233 795 1294; x_wconf 87' lang='lat' dir='ltr'>posse</span> <span class='ocrx_word' id='word_1_85' title='bbox 806 1211 921 1296; x_wconf 84' lang='lat' dir='ltr'>erponi</span> <span class='ocrx_word' id='word_1_86' title='bbox 940 1225 1006 1276; x_wconf 90' lang='lat' dir='ltr'>tam</span> <span class='ocrx_word' id='word_1_87' title='bbox 1020 1211 1122 1288; x_wconf 86' lang='lat' dir='ltr'>brevi,</span> 
     </span>
     <span class='ocr_line' id='line_1_12' title="bbox 144 1304 1120 1396; baseline 0.001 -17"><span class='ocrx_word' id='word_1_88' title='bbox 144 1316 344 1380; x_wconf 83' lang='lat' dir='ltr'>vehementer</span> <span class='ocrx_word' id='word_1_89' title='bbox 359 1324 455 1378; x_wconf 85' lang='lat' dir='ltr'>errat:</span> <span class='ocrx_word' id='word_1_90' title='bbox 479 1335 579 1396; x_wconf 89' lang='lat' dir='ltr'>neque</span> <span class='ocrx_word' id='word_1_91' title='bbox 595 1314 695 1378; x_wconf 74' lang='lat' dir='ltr'>solium</span> <span class='ocrx_word' id='word_1_92' title='bbox 710 1314 904 1378; x_wconf 79' lang='lat' dir='ltr'>inscientiam</span> <span class='ocrx_word' id='word_1_93' title='bbox 920 1335 1034 1392; x_wconf 90' lang='lat' dir='ltr'>meam,</span> <span class='ocrx_word' id='word_1_94' title='bbox 1060 1304 1120 1380; x_wconf 81' lang='lat' dir='ltr'>sed</span> 
     </span>
     <span class='ocr_line' id='line_1_13' title="bbox 144 1417 1119 1502; baseline -0.001 -17"><span class='ocrx_word' id='word_1_95' title='bbox 144 1441 184 1485; x_wconf 87' lang='lat' dir='ltr'>ne</span> <span class='ocrx_word' id='word_1_96' title='bbox 208 1441 310 1484; x_wconf 86' lang='lat' dir='ltr'>nerum</span> <span class='ocrx_word' id='word_1_97' title='bbox 335 1417 461 1502; x_wconf 89' lang='lat' dir='ltr'>quidem</span> <span class='ocrx_word' id='word_1_98' title='bbox 486 1417 733 1502; x_wconf 85' lang='lat' dir='ltr'>magnitudinem</span> <span class='ocrx_word' id='word_1_99' title='bbox 760 1417 915 1502; x_wconf 81' lang='lat' dir='ltr'>perspicit</span> <span class='ocrx_word' id='word_1_100' title='bbox 959 1418 1119 1502; x_wconf 83' lang='lat' dir='ltr'>Equidem</span> 
     </span>
     <span class='ocr_line' id='line_1_14' title="bbox 142 1507 1188 1606; baseline 0 -18"><span class='ocrx_word' id='word_1_101' title='bbox 142 1523 241 1601; x_wconf 87' lang='lat' dir='ltr'>vobis,</span> <span class='ocrx_word' id='word_1_102' title='bbox 255 1522 404 1606; x_wconf 88' lang='lat' dir='ltr'>quoniam</span> <span class='ocrx_word' id='word_1_103' title='bbox 418 1522 462 1587; x_wconf 90' lang='lat' dir='ltr'>ita</span> <span class='ocrx_word' id='word_1_104' title='bbox 477 1507 622 1599; x_wconf 84' lang='lat' dir='ltr'>voluistis,</span> <span class='ocrx_word' id='word_1_105' title='bbox 647 1523 760 1598; x_wconf 85' lang='lat' dir='ltr'>sontes,</span> <span class='ocrx_word' id='word_1_106' title='bbox 785 1523 868 1586; x_wconf 90' lang='lat' dir='ltr'>unde</span> <span class='ocrx_word' id='word_1_107' title='bbox 884 1521 1055 1600; x_wconf 85' lang='lat' dir='ltr'>hauriretis,</span> <span class='ocrx_word' id='word_1_108' title='bbox 1071 1536 1118 1588; x_wconf 85' lang='lat' dir='ltr'>at·</span> <span class='ocrx_word' id='word_1_109' title='bbox 1187 1519 1188 1522; x_wconf 50' lang='lat'>&#39;</span> 
     </span>
     <span class='ocr_line' id='line_1_15' title="bbox 142 1625 1118 1710; baseline 0.002 -20"><span class='ocrx_word' id='word_1_110' title='bbox 142 1647 203 1710; x_wconf 89' lang='lat' dir='ltr'>que</span> <span class='ocrx_word' id='word_1_111' title='bbox 219 1627 329 1691; x_wconf 85' lang='lat' dir='ltr'>itinera</span> <span class='ocrx_word' id='word_1_112' title='bbox 344 1627 421 1710; x_wconf 90' lang='lat' dir='ltr'>ipsa,</span> <span class='ocrx_word' id='word_1_113' title='bbox 437 1627 479 1688; x_wconf 85' lang='lat' dir='ltr'>ita</span> <span class='ocrx_word' id='word_1_114' title='bbox 502 1625 608 1708; x_wconf 87' lang='lat' dir='ltr'>putavi</span> <span class='ocrx_word' id='word_1_115' title='bbox 628 1647 696 1690; x_wconf 86' lang='lat' dir='ltr'>csse</span> <span class='ocrx_word' id='word_1_116' title='bbox 718 1626 982 1703; x_wconf 84' lang='lat' dir='ltr'>demonstrande;</span> <span class='ocrx_word' id='word_1_117' title='bbox 1003 1647 1065 1692; x_wconf 91' lang='lat' dir='ltr'>non</span> <span class='ocrx_word' id='word_1_118' title='bbox 1079 1639 1118 1692; x_wconf 93' lang='lat' dir='ltr'>ut</span> 
     </span>
     <span class='ocr_line' id='line_1_16' title="bbox 141 1727 1118 1814; baseline 0.001 -20"><span class='ocrx_word' id='word_1_119' title='bbox 141 1730 209 1814; x_wconf 81' lang='lat' dir='ltr'>ipse</span> <span class='ocrx_word' id='word_1_120' title='bbox 223 1732 285 1794; x_wconf 86' lang='lat' dir='ltr'>dux</span> <span class='ocrx_word' id='word_1_121' title='bbox 300 1749 412 1805; x_wconf 85' lang='lat' dir='ltr'>essem,</span> <span class='ocrx_word' id='word_1_122' title='bbox 438 1729 534 1809; x_wconf 75' lang='lat' dir='ltr'>tquod</span> <span class='ocrx_word' id='word_1_123' title='bbox 551 1741 582 1792; x_wconf 86' lang='lat' dir='ltr'>et</span> <span class='ocrx_word' id='word_1_124' title='bbox 597 1727 748 1792; x_wconf 86' lang='lat' dir='ltr'>infinitum</span> <span class='ocrx_word' id='word_1_125' title='bbox 764 1741 822 1804; x_wconf 91' lang='lat' dir='ltr'>est,</span> <span class='ocrx_word' id='word_1_126' title='bbox 836 1741 867 1792; x_wconf 89' lang='lat' dir='ltr'>et</span> <span class='ocrx_word' id='word_1_127' title='bbox 893 1745 955 1792; x_wconf 88' lang='lat' dir='ltr'>non</span> <span class='ocrx_word' id='word_1_128' title='bbox 971 1749 1118 1794; x_wconf 86' lang='lat' dir='ltr'>necessa·</span> 
     </span>
     <span class='ocr_line' id='line_1_17' title="bbox 142 1833 1116 1918; baseline 0 -20"><span class='ocrx_word' id='word_1_129' title='bbox 142 1833 245 1918; x_wconf 90' lang='lat' dir='ltr'>rium,)</span> <span class='ocrx_word' id='word_1_130' title='bbox 268 1833 323 1898; x_wconf 91' lang='lat' dir='ltr'>sed</span> <span class='ocrx_word' id='word_1_131' title='bbox 339 1845 372 1896; x_wconf 90' lang='lat' dir='ltr'>ut</span> <span class='ocrx_word' id='word_1_132' title='bbox 387 1845 667 1896; x_wconf 79' lang='lat' dir='ltr'>commonstrarem</span> <span class='ocrx_word' id='word_1_133' title='bbox 682 1835 804 1896; x_wconf 79' lang='lat' dir='ltr'>tentrim</span> <span class='ocrx_word' id='word_1_134' title='bbox 825 1834 917 1911; x_wconf 86' lang='lat' dir='ltr'>viam,</span> <span class='ocrx_word' id='word_1_135' title='bbox 943 1849 985 1912; x_wconf 86' lang='lat' dir='ltr'>et,</span> <span class='ocrx_word' id='word_1_136' title='bbox 1000 1845 1033 1898; x_wconf 89' lang='lat' dir='ltr'>ut</span> <span class='ocrx_word' id='word_1_137' title='bbox 1047 1835 1116 1900; x_wconf 84' lang='lat' dir='ltr'>iieri</span> 
     </span>
     <span class='ocr_line' id='line_1_18' title="bbox 139 1926 1180 2024; baseline 0.003 -26"><span class='ocrx_word' id='word_1_138' title='bbox 139 1938 232 2014; x_wconf 86' lang='lat' dir='ltr'>solet,</span> <span class='ocrx_word' id='word_1_139' title='bbox 245 1937 376 2024; x_wconf 78' lang='lat' dir='ltr'>digitum</span> <span class='ocrx_word' id='word_1_140' title='bbox 385 1937 432 2002; x_wconf 66' lang='lat' dir='ltr'>‚ad</span> <span class='ocrx_word' id='word_1_141' title='bbox 448 1937 549 2001; x_wconf 82' lang='lat' dir='ltr'>fontes</span> <span class='ocrx_word' id='word_1_142' title='bbox 563 1935 767 2002; x_wconf 85' lang='lat' dir='ltr'>intenderem.</span> <span class='ocrx_word' id='word_1_143' title='bbox 1171 1926 1180 1936; x_wconf 66' lang='grc'><strong>’</strong></span> 
     </span>
     <span class='ocr_line' id='line_1_19' title="bbox 174 2040 1113 2127; baseline 0.002 -19"><span class='ocrx_word' id='word_1_144' title='bbox 174 2043 316 2108; x_wconf 79' lang='lat' dir='ltr'><strong>XLVII.</strong></span> <span class='ocrx_word' id='word_1_145' title='bbox 338 2040 418 2106; x_wconf 91' lang='lat' dir='ltr'>Mihi</span> <span class='ocrx_word' id='word_1_146' title='bbox 431 2042 515 2117; x_wconf 81' lang='lat' dir='ltr'>vero,</span> <span class='ocrx_word' id='word_1_147' title='bbox 530 2040 628 2122; x_wconf 91' lang='lat' dir='ltr'>inquit</span> <span class='ocrx_word' id='word_1_148' title='bbox 643 2040 776 2117; x_wconf 87' lang='lat' dir='ltr'>Mucius,</span> <span class='ocrx_word' id='word_1_149' title='bbox 798 2043 873 2106; x_wconf 85' lang='lat' dir='ltr'>sotis</span> <span class='ocrx_word' id='word_1_150' title='bbox 888 2064 1040 2127; x_wconf 89' lang='lat' dir='ltr'>superque</span> <span class='ocrx_word' id='word_1_151' title='bbox 1055 2045 1113 2110; x_wconf 85' lang='lat' dir='ltr'>abs</span> 
     </span>
     <span class='ocr_line' id='line_1_20' title="bbox 141 2143 1112 2224; baseline 0.001 -12"><span class='ocrx_word' id='word_1_152' title='bbox 141 2158 173 2214; x_wconf 84' lang='lat' dir='ltr'>to</span> <span class='ocrx_word' id='word_1_153' title='bbox 188 2147 308 2212; x_wconf 86' lang='lat' dir='ltr'>videtur</span> <span class='ocrx_word' id='word_1_154' title='bbox 333 2146 460 2210; x_wconf 88' lang='lat' dir='ltr'>istorum</span> <span class='ocrx_word' id='word_1_155' title='bbox 476 2143 592 2221; x_wconf 85' lang='lat' dir='ltr'>studiis,</span> <span class='ocrx_word' id='word_1_156' title='bbox 617 2145 642 2210; x_wconf 86' lang='lat' dir='ltr'>si</span> <span class='ocrx_word' id='word_1_157' title='bbox 665 2145 760 2210; x_wconf 73' lang='lat' dir='ltr'>modo</span> <span class='ocrx_word' id='word_1_158' title='bbox 785 2163 856 2210; x_wconf 90' lang='lat' dir='ltr'>sunt</span> <span class='ocrx_word' id='word_1_159' title='bbox 881 2147 1019 2224; x_wconf 83' lang='lat' dir='ltr'>studiosi,</span> <span class='ocrx_word' id='word_1_160' title='bbox 1043 2169 1112 2214; x_wconf 84' lang='lat' dir='ltr'>esse</span> 
     </span>
     <span class='ocr_line' id='line_1_21' title="bbox 141 2246 1112 2340; baseline 0 -22"><span class='ocrx_word' id='word_1_161' title='bbox 141 2252 277 2318; x_wconf 86' lang='lat' dir='ltr'>factum:</span> <span class='ocrx_word' id='word_1_162' title='bbox 299 2273 384 2328; x_wconf 84' lang='lat' dir='ltr'>nem,</span> <span class='ocrx_word' id='word_1_163' title='bbox 410 2246 624 2314; x_wconf 74' lang='lat' dir='ltr'>utSocratem</span> <span class='ocrx_word' id='word_1_164' title='bbox 639 2250 722 2314; x_wconf 92' lang='lat' dir='ltr'>illum</span> <span class='ocrx_word' id='word_1_165' title='bbox 749 2250 972 2340; x_wconf 86' lang='lat' dir='ltr'>solitumaiunt</span> <span class='ocrx_word' id='word_1_166' title='bbox 997 2252 1112 2332; x_wconf 88' lang='lat' dir='ltr'>dicere,</span> 
     </span>
     <span class='ocr_line' id='line_1_22' title="bbox 141 2353 1188 2446; baseline 0.001 -25"><span class='ocrx_word' id='word_1_167' title='bbox 141 2359 313 2446; x_wconf 85' lang='lat' dir='ltr'>perfectum</span> <span class='ocrx_word' id='word_1_168' title='bbox 340 2356 398 2420; x_wconf 81' lang='lat' dir='ltr'>sibi</span> <span class='ocrx_word' id='word_1_169' title='bbox 413 2375 491 2437; x_wconf 89' lang='lat' dir='ltr'>opus</span> <span class='ocrx_word' id='word_1_170' title='bbox 507 2375 584 2430; x_wconf 84' lang='lat' dir='ltr'>esse,</span> <span class='ocrx_word' id='word_1_171' title='bbox 609 2355 634 2418; x_wconf 90' lang='lat' dir='ltr'>si</span> <span class='ocrx_word' id='word_1_172' title='bbox 656 2353 723 2437; x_wconf 87' lang='lat' dir='ltr'>quis</span> <span class='ocrx_word' id='word_1_173' title='bbox 738 2356 814 2420; x_wconf 85' lang='lat' dir='ltr'>satis</span> <span class='ocrx_word' id='word_1_174' title='bbox 840 2368 921 2420; x_wconf 89' lang='lat' dir='ltr'>esset</span> <span class='ocrx_word' id='word_1_175' title='bbox 936 2358 1110 2424; x_wconf 81' lang='lat' dir='ltr'>concitatus</span> <span class='ocrx_word' id='word_1_176' title='bbox 1187 2427 1188 2434; x_wconf 42' lang='lat'>,</span> 
     </span>
     <span class='ocr_line' id='line_1_23' title="bbox 140 2456 1111 2544; baseline 0.001 -19"><span class='ocrx_word' id='word_1_177' title='bbox 140 2456 360 2526; x_wconf 79' lang='lat' dir='ltr'>cohortatione</span> <span class='ocrx_word' id='word_1_178' title='bbox 385 2458 440 2520; x_wconf 78' lang='lat' dir='ltr'>sud</span> <span class='ocrx_word' id='word_1_179' title='bbox 456 2459 496 2520; x_wconf 86' lang='lat' dir='ltr'>ad</span> <span class='ocrx_word' id='word_1_180' title='bbox 521 2457 655 2521; x_wconf 87' lang='lat' dir='ltr'>studium</span> <span class='ocrx_word' id='word_1_181' title='bbox 682 2461 913 2542; x_wconf 72' lang='lat' dir='ltr'>cognoscendae</span> <span class='ocrx_word' id='word_1_182' title='bbox 940 2459 1111 2544; x_wconf 86' lang='lat' dir='ltr'>percipien-</span> 
     </span>
     <span class='ocr_line' id='line_1_24' title="bbox 97 2561 1109 2647; baseline -0.003 -17"><span class='ocrx_word' id='word_1_183' title='bbox 97 2581 117 2641; x_wconf 62' lang='grc' dir='ltr'>μ</span> <span class='ocrx_word' id='word_1_184' title='bbox 136 2566 250 2647; x_wconf 79' lang='lat' dir='ltr'>daequo</span> <span class='ocrx_word' id='word_1_185' title='bbox 265 2561 400 2626; x_wconf 88' lang='lat' dir='ltr'>virtutis:</span> <span class='ocrx_word' id='word_1_186' title='bbox 424 2561 546 2643; x_wconf 90' lang='lat' dir='ltr'>(quibus</span> <span class='ocrx_word' id='word_1_187' title='bbox 562 2561 645 2625; x_wconf 92' lang='lat' dir='ltr'>enim</span> <span class='ocrx_word' id='word_1_188' title='bbox 660 2561 690 2626; x_wconf 94' lang='lat' dir='ltr'>id</span> <span class='ocrx_word' id='word_1_189' title='bbox 707 2563 886 2647; x_wconf 87' lang='lat' dir='ltr'>persuasu&#39;m</span> <span class='ocrx_word' id='word_1_190' title='bbox 902 2574 993 2641; x_wconf 84' lang='lat' dir='ltr'>esset,</span> <span class='ocrx_word' id='word_1_191' title='bbox 1019 2576 1051 2629; x_wconf 88' lang='lat' dir='ltr'>ut</span> <span class='ocrx_word' id='word_1_192' title='bbox 1065 2566 1109 2628; x_wconf 94' lang='lat' dir='ltr'>ni-</span> 
     </span>
     <span class='ocr_line' id='line_1_25' title="bbox 95 2632 1108 2758; baseline -0.002 -24"><span class='ocrx_word' id='word_1_193' title='bbox 95 2648 100 2702; x_wconf 70' lang='lat'><strong><em>¹</em></strong></span> <span class='ocrx_word' id='word_1_194' title='bbox 108 2632 114 2718; x_wconf 64' lang='lat' dir='ltr'>i</span> <span class='ocrx_word' id='word_1_195' title='bbox 138 2669 181 2735; x_wconf 84' lang='lat' dir='ltr'>hil</span> <span class='ocrx_word' id='word_1_196' title='bbox 196 2666 325 2732; x_wconf 84' lang='lat' dir='ltr'>mallent</span> <span class='ocrx_word' id='word_1_197' title='bbox 339 2689 372 2732; x_wconf 87' lang='lat' dir='ltr'>se</span> <span class='ocrx_word' id='word_1_198' title='bbox 387 2687 466 2742; x_wconf 88' lang='lat' dir='ltr'>esse,</span> <span class='ocrx_word' id='word_1_199' title='bbox 489 2667 582 2748; x_wconf 76' lang='lat' dir='ltr'>quim</span> <span class='ocrx_word' id='word_1_200' title='bbox 597 2667 800 2746; x_wconf 84' lang='lat' dir='ltr'>bonos-virne,</span> <span class='ocrx_word' id='word_1_201' title='bbox 823 2669 857 2732; x_wconf 89' lang='lat' dir='ltr'>iis</span> <span class='ocrx_word' id='word_1_202' title='bbox 873 2668 1020 2758; x_wconf 84' lang='lat' dir='ltr'>reliquam</span> <span class='ocrx_word' id='word_1_203' title='bbox 1037 2669 1108 2734; x_wconf 85' lang='lat' dir='ltr'>iaci-</span> 
     </span>
     <span class='ocr_line' id='line_1_26' title="bbox 92 2722 1107 2856; baseline 0.003 -21"><span class='ocrx_word' id='word_1_204' title='bbox 92 2722 114 2835; x_wconf 77' lang='lat' dir='ltr'>i</span> <span class='ocrx_word' id='word_1_205' title='bbox 139 2773 202 2840; x_wconf 86' lang='lat' dir='ltr'>lem</span> <span class='ocrx_word' id='word_1_206' title='bbox 216 2793 283 2838; x_wconf 88' lang='lat' dir='ltr'>esse</span> <span class='ocrx_word' id='word_1_207' title='bbox 298 2771 507 2856; x_wconf 87' lang='lat' dir='ltr'>doctrinam)</span> <span class='ocrx_word' id='word_1_208' title='bbox 531 2767 575 2834; x_wconf 86' lang='lat' dir='ltr'>sic</span> <span class='ocrx_word' id='word_1_209' title='bbox 595 2792 655 2852; x_wconf 83' lang='lat' dir='ltr'>ego</span> <span class='ocrx_word' id='word_1_210' title='bbox 670 2759 823 2856; x_wconf 81' lang='lat' dir='ltr'>intelligo,</span> <span class='ocrx_word' id='word_1_211' title='bbox 832 2772 858 2836; x_wconf 88' lang='lat' dir='ltr'>si</span> <span class='ocrx_word' id='word_1_212' title='bbox 882 2772 911 2835; x_wconf 92' lang='lat' dir='ltr'>in</span> <span class='ocrx_word' id='word_1_213' title='bbox 935 2773 1014 2851; x_wconf 75' lang='lat' dir='ltr'>haro,</span> <span class='ocrx_word' id='word_1_214' title='bbox 1039 2795 1107 2855; x_wconf 80' lang='lat' dir='ltr'>quae</span> 
     </span>
     <span class='ocr_line' id='line_1_27' title="bbox 68 2874 1119 2965; baseline -0.002 -21"><span class='ocrx_word' id='word_1_215' title='bbox 68 2959 70 2965; x_wconf 18' lang='grc' dir='ltr'><strong><em>Α</em></strong></span> <span class='ocrx_word' id='word_1_216' title='bbox 139 2878 289 2963; x_wconf 74' lang='lat' dir='ltr'>patefecit</span> <span class='ocrx_word' id='word_1_217' title='bbox 312 2875 453 2940; x_wconf 88' lang='lat' dir='ltr'>oratione</span> <span class='ocrx_word' id='word_1_218' title='bbox 468 2874 522 2938; x_wconf 77' lang='lat' dir='ltr'>sud</span> <span class='ocrx_word' id='word_1_219' title='bbox 538 2875 676 2951; x_wconf 81' lang='lat' dir='ltr'>Crassus,</span> <span class='ocrx_word' id='word_1_220' title='bbox 702 2875 815 2962; x_wconf 82' lang='lat' dir='ltr'>intrare</span> <span class='ocrx_word' id='word_1_221' title='bbox 830 2876 1004 2955; x_wconf 83' lang='lat' dir='ltr'>volueritis3</span> <span class='ocrx_word' id='word_1_222' title='bbox 1025 2878 1119 2962; x_wconf 25' lang='lat' dir='ltr'>socii-⁶</span> 
     </span>
     <span class='ocr_line' id='line_1_28' title="bbox 139 2978 1104 3063; baseline -0.002 -17"><span class='ocrx_word' id='word_1_223' title='bbox 139 2981 210 3046; x_wconf 78' lang='lat' dir='ltr'>lime</span> <span class='ocrx_word' id='word_1_224' title='bbox 225 3003 280 3046; x_wconf 83' lang='lat' dir='ltr'>vos</span> <span class='ocrx_word' id='word_1_225' title='bbox 295 2981 336 3044; x_wconf 87' lang='lat' dir='ltr'>ad</span> <span class='ocrx_word' id='word_1_226' title='bbox 361 2990 410 3054; x_wconf 76' lang='lat' dir='ltr'>da,</span> <span class='ocrx_word' id='word_1_227' title='bbox 431 2999 501 3060; x_wconf 82' lang='lat' dir='ltr'>quae</span> <span class='ocrx_word' id='word_1_228' title='bbox 526 2978 638 3062; x_wconf 87' lang='lat' dir='ltr'>cupitis</span> <span class='ocrx_word' id='word_1_229' title='bbox 653 2993 853 3063; x_wconf 81' lang='lat' dir='ltr'>perventuros</span> <span class='ocrx_word' id='word_1_230' title='bbox 872 2981 912 3044; x_wconf 89' lang='lat' dir='ltr'>ab</span> <span class='ocrx_word' id='word_1_231' title='bbox 936 2981 996 3046; x_wconf 89' lang='lat' dir='ltr'>hoc</span> <span class='ocrx_word' id='word_1_232' title='bbox 1012 2980 1104 3058; x_wconf 84' lang='lat' dir='ltr'>aditu,</span> 
     </span>
     <span class='ocr_line' id='line_1_29' title="bbox 129 3069 1103 3171; baseline 0 -21"><span class='ocrx_word' id='word_1_233' title='bbox 129 3083 293 3171; x_wconf 71' lang='lat' dir='ltr'>&#39;junudque</span> <span class='ocrx_word' id='word_1_234' title='bbox 316 3082 482 3166; x_wconf 58' lang='lat' dir='ltr'>patefacti</span> <span class='ocrx_word' id='word_1_235' title='bbox 527 3069 627 3147; x_wconf 86' lang='lat' dir='ltr'>Nobis</span> <span class='ocrx_word' id='word_1_236' title='bbox 642 3084 725 3162; x_wconf 74' lang='lat' dir='ltr'>verd&#39;,</span> <span class='ocrx_word' id='word_1_237' title='bbox 747 3085 844 3166; x_wconf 93' lang='lat' dir='ltr'>inquit</span> <span class='ocrx_word' id='word_1_238' title='bbox 859 3084 1022 3168; x_wconf 81' lang='lat' dir='ltr'>Sulpicius,</span> <span class='ocrx_word' id='word_1_239' title='bbox 1045 3084 1103 3150; x_wconf 83' lang='lat' dir='ltr'>istu</span> 
     </span>
     <span class='ocr_line' id='line_1_30' title="bbox 138 3187 1103 3274; baseline 0 -20"><span class='ocrx_word' id='word_1_240' title='bbox 138 3199 211 3254; x_wconf 86' lang='lat' dir='ltr'>sunt</span> <span class='ocrx_word' id='word_1_241' title='bbox 225 3199 371 3274; x_wconf 81' lang='lat' dir='ltr'>pergrato</span> <span class='ocrx_word' id='word_1_242' title='bbox 388 3207 503 3270; x_wconf 84' lang='lat' dir='ltr'>perque</span> <span class='ocrx_word' id='word_1_243' title='bbox 514 3187 671 3272; x_wconf 81' lang='lat' dir='ltr'>jucunda:</span> <span class='ocrx_word' id='word_1_244' title='bbox 694 3188 749 3252; x_wconf 89' lang='lat' dir='ltr'>sed</span> <span class='ocrx_word' id='word_1_245' title='bbox 765 3209 867 3272; x_wconf 86' lang='lat' dir='ltr'>pauca</span> <span class='ocrx_word' id='word_1_246' title='bbox 892 3189 988 3252; x_wconf 86' lang='lat' dir='ltr'>etiam</span> <span class='ocrx_word' id='word_1_247' title='bbox 1010 3189 1103 3272; x_wconf 86' lang='lat' dir='ltr'>requi·</span> 
     </span>
     <span class='ocr_line' id='line_1_31' title="bbox 139 3280 1102 3374; baseline 0 -16"><span class='ocrx_word' id='word_1_248' title='bbox 139 3294 243 3370; x_wconf 84' lang='lat' dir='ltr'>rimus,</span> <span class='ocrx_word' id='word_1_249' title='bbox 261 3288 459 3374; x_wconf 84' lang='lat' dir='ltr'>inprimisque</span> <span class='ocrx_word' id='word_1_250' title='bbox 473 3311 523 3366; x_wconf 81' lang='lat' dir='ltr'>ee,</span> <span class='ocrx_word' id='word_1_251' title='bbox 546 3311 617 3372; x_wconf 83' lang='lat' dir='ltr'>quae</span> <span class='ocrx_word' id='word_1_252' title='bbox 630 3289 721 3356; x_wconf 84' lang='lat' dir='ltr'>valde</span> <span class='ocrx_word' id='word_1_253' title='bbox 736 3280 867 3356; x_wconf 80' lang='lat' dir='ltr'>breviter</span> <span class='ocrx_word' id='word_1_254' title='bbox 882 3313 902 3354; x_wconf 85' lang='lat' dir='ltr'>u</span> <span class='ocrx_word' id='word_1_255' title='bbox 916 3302 958 3368; x_wconf 89' lang='lat' dir='ltr'>te,</span> <span class='ocrx_word' id='word_1_256' title='bbox 968 3291 1102 3372; x_wconf 66' lang='lat' dir='ltr'>&#39;Crasse</span> 
     </span>
     <span class='ocr_line' id='line_1_32' title="bbox 138 3377 1102 3482; baseline -0.002 -20"><span class='ocrx_word' id='word_1_257' title='bbox 138 3397 179 3462; x_wconf 89' lang='lat' dir='ltr'>de</span> <span class='ocrx_word' id='word_1_258' title='bbox 195 3395 260 3482; x_wconf 75' lang='lat' dir='ltr'>ipsd</span> <span class='ocrx_word' id='word_1_259' title='bbox 284 3404 351 3459; x_wconf 83' lang='lat' dir='ltr'>arte</span> <span class='ocrx_word' id='word_1_260' title='bbox 366 3413 515 3477; x_wconf 89' lang='lat' dir='ltr'>percursa</span> <span class='ocrx_word' id='word_1_261' title='bbox 529 3404 610 3470; x_wconf 86' lang='lat' dir='ltr'>sunt,</span> <span class='ocrx_word' id='word_1_262' title='bbox 632 3397 704 3458; x_wconf 78' lang='lat' dir='ltr'>crim</span> <span class='ocrx_word' id='word_1_263' title='bbox 719 3393 770 3458; x_wconf 80' lang='lat' dir='ltr'>illa</span> <span class='ocrx_word' id='word_1_264' title='bbox 795 3406 826 3458; x_wconf 87' lang='lat' dir='ltr'>te</span> <span class='ocrx_word' id='word_1_265' title='bbox 840 3404 873 3458; x_wconf 88' lang='lat' dir='ltr'>et</span> <span class='ocrx_word' id='word_1_266' title='bbox 887 3415 949 3459; x_wconf 91' lang='lat' dir='ltr'>non</span> <span class='ocrx_word' id='word_1_267' title='bbox 966 3377 1102 3462; x_wconf 42' lang='lat' dir='ltr'>contem-⁴</span> 
     </span>
     <span class='ocr_line' id='line_1_33' title="bbox 138 3496 1112 3580; baseline -0.003 -13"><span class='ocrx_word' id='word_1_268' title='bbox 138 3522 223 3578; x_wconf 88' lang='lat' dir='ltr'>uere,</span> <span class='ocrx_word' id='word_1_269' title='bbox 247 3509 281 3565; x_wconf 89' lang='lat' dir='ltr'>et</span> <span class='ocrx_word' id='word_1_270' title='bbox 295 3496 437 3562; x_wconf 86' lang='lat' dir='ltr'>didicisse</span> <span class='ocrx_word' id='word_1_271' title='bbox 452 3496 654 3561; x_wconf 83' lang='lat' dir='ltr'>confiterere:</span> <span class='ocrx_word' id='word_1_272' title='bbox 676 3518 714 3561; x_wconf 85' lang='lat' dir='ltr'>eo</span> <span class='ocrx_word' id='word_1_273' title='bbox 730 3497 755 3561; x_wconf 90' lang='lat' dir='ltr'>si</span> <span class='ocrx_word' id='word_1_274' title='bbox 769 3497 864 3580; x_wconf 80' lang='lat' dir='ltr'>paulo</span> <span class='ocrx_word' id='word_1_275' title='bbox 876 3497 967 3562; x_wconf 80' lang='lat' dir='ltr'>iatids</span> <span class='ocrx_word' id='word_1_276' title='bbox 983 3498 1112 3577; x_wconf 75' lang='lat' dir='ltr'>dixeris,</span> 
     </span>
     <span class='ocr_line' id='line_1_34' title="bbox 134 3599 1098 3693; baseline -0.003 -19"><span class='ocrx_word' id='word_1_277' title='bbox 134 3604 266 3693; x_wconf 70' lang='lat' dir='ltr'>expieris</span> <span class='ocrx_word' id='word_1_278' title='bbox 280 3621 405 3670; x_wconf 88' lang='lat' dir='ltr'>omnem</span> <span class='ocrx_word' id='word_1_279' title='bbox 418 3600 683 3686; x_wconf 78' lang='lat' dir='ltr'>exspectationem</span> <span class='ocrx_word' id='word_1_280' title='bbox 696 3599 830 3666; x_wconf 83' lang='lat' dir='ltr'>diuturm</span> <span class='ocrx_word' id='word_1_281' title='bbox 841 3601 983 3667; x_wconf 89' lang='lat' dir='ltr'>desiderii</span> <span class='ocrx_word' id='word_1_282' title='bbox 998 3605 1098 3671; x_wconf 85' lang='lat' dir='ltr'>nostri.</span> 
     </span>
    </p>
   </div>
   <div class='ocr_carea' id='block_1_3' title="bbox 0 0 1204 3980">
    <p class='ocr_par' dir='ltr' id='par_1_3' title="bbox 0 0 1204 3980">
     <span class='ocr_line' id='line_1_35' title="bbox 0 0 1204 3980; baseline 0 3"><span class='ocrx_word' id='word_1_283' title='bbox 0 0 1204 3980; x_wconf 95' lang='lat' dir='ltr'> </span> 
     </span>
    </p>
   </div>
  </div>
 </body>
</html>
