2466 3966
332 77 374 128 nu
398 83 548 128 onerosa
572 83 669 126 arasa
693 82 872 129 saeuunus.
1034 66 1093 125 trs

115 233 286 302 contrarie:
308 234 391 315 quod
408 233 499 296 idem·
517 253 616 316 genus
642 233 726 315 saepe
752 243 797 294 est
814 233 908 296 etiam
933 229 1092 305 saeelum,

117 354 159 418 ut,
174 341 299 404 Servius
314 337 364 402 ille
379 337 495 413 Galba,
509 339 581 401 edm
593 337 715 422 judices
731 335 768 399 L.
785 335 951 398 Scribonio
966 333 1092 398 tribuno

5 509 7 522 ‚
115 443 213 531 plebis
236 444 330 508 ferret
355 441 523 506 familiares
538 461 619 518 suos,
644 453 675 504 et
689 439 816 504 dixisset
838 437 929 516 Libo,
956 438 1093 513 Quando

115 549 246 626 tandem,
265 545 379 623 Galba,
404 545 442 610 de
457 544 592 609 triclinio
608 557 660 608 tuo
677 543 798 608 oculu?
823 543 901 607 cam
916 555 960 619 tu,
983 543 1093 626 inquit,

5 703 7 706 -
114 653 151 717 de
166 651 305 716 cubiculo
320 651 433 715 alieno.
476 650 505 714 A
520 671 582 733 quo
597 671 714 735 genere
730 671 769 714 ne
782 649 855 713 illud
877 648 1004 731 quidem
1026 649 1091 732 plu·

115 759 225 825 rimam
240 756 347 832 distat,
368 757 452 838 quod
474 755 608 820 Glaucia
625 754 766 832 Metello,
784 754 897 846 Villam
910 752 943 816 in
962 751 1090 824 Tiburte

115 861 219 938 lobes,
234 860 390 924 certamin
406 859 547 926 Palatio.

155 967 270 1032 LXVI.
293 966 342 1031 Ac
366 966 532 1032 verborum
547 965 675 1048 quidem
699 986 818 1051 genera
833 945 902 1048 quae
928 973 1034 1029 essent
1048 962 1092 1026 fa·

115 1083 197 1149 ceta,
222 1072 335 1136 dixisse
349 1091 399 1135 me
426 1082 521 1154 puto:
543 1059 751 1152 rerum'plura
765 1082 845 1148 sunt,
871 1091 973 1154 eaque
989 1068 1092 1155 magis

115 1177 163 1258 (ut
177 1177 239 1240 dixi
255 1178 342 1262 anta)
359 1160 515 1240 rideatur:
538 1176 569 1238 in
585 1174 696 1257 quibus
711 1186 757 1240 est
773 1175 929 1251 narratio,
951 1197 999 1238 res
1014 1176 1091 1239 sane

114 1281 256 1346 difficilis.
301 1281 515 1364 Exprimenda
526 1281 609 1344 enim
621 1290 703 1355 sunt,
719 1291 750 1343 et
765 1279 913 1363 ponenda
929 1288 1002 1342 ante
1018 1300 1091 1343 ocu-

113 1385 219 1462 losea,
234 1407 304 1466 quae
315 1387 479 1450 videantur
494 1407 562 1448 esse
577 1383 862 1471 verisimilia,¹quod
875 1393 921 1447 est
934 1383 1092 1467 proprium

114 1489 310 1566 narrationis,
322 1500 354 1553 et
369 1510 439 1571 quae
453 1489 523 1564 sint,
542 1489 626 1571 quod
641 1488 761 1551 ridiculi
776 1487 936 1572 proprium
951 1499 1008 1562 est,
1023 1487 1092 1554 suh·

114 1592 235 1676 turpia:
257 1593 547 1678 eujusexcmplum,
568 1603 601 1656 ut
617 1592 841 1668 brevissimum,
855 1591 894 1655 sit
909 1593 984 1655 sane
1007 1591 1092 1668 illud,

114 1698 198 1780 quod
216 1700 288 1762 ante
304 1697 402 1780 posui,
418 1698 521 1761 Crassi
540 1698 580 1760 de
593 1697 755 1764 Memmio.
800 1694 841 1760 Et
857 1695 898 1760 ad
914 1696 1090 1778 hocgenus

114 1802 329 1866 adscribamus
349 1803 444 1866 etiam
470 1801 666 1865 narrationes
682 1801 898 1885 apologorum.
942 1801 1091 1866 Trahitur

115 1907 212 1970 etiam
228 1907 341 1988 aliquid
358 1928 395 1970 ex
411 1907 546 1983 historie,
562 1918 606 1984 ut,
618 1909 689 1969 cilm
703 1907 776 1970 Sex.
792 1906 892 1970 Titius
908 1928 941 1970 se
958 1906 1092 1970 Cassan-

114 2012 203 2075 dram
219 2011 427 2102 essendiceret,
443 2011 573 2088 Multos,
585 2010 683 2091 inquit
699 2010 863 2088 Antonius,
878 2019 1007 2096 possum
1022 2025 1090 2078 tuos

1 2171 5 2187 ,
112 2116 229 2200 Ajaces
259 2115 365 2178 Oileos
389 2117 558 2180 nominare.
603 2115 660 2177 Est
685 2116 781 2178 etiam
806 2137 844 2179 ex
870 2115 1091 2184 similitudinet

113 2242 184 2304 quae
210 2230 264 2283 aut
287 2220 486 2284 collationem
513 2220 620 2296 habet,
652 2231 705 2282 aut
730 2231 882 2303 tanquam
908 2221 1088 2306 imaginem.

113 2325 345 2389 Collationem:
368 2335 401 2386 ut
415 2323 465 2388 ille
482 2323 589 2388 Gallus
605 2324 679 2388 olim
695 2325 780 2388 testis
796 2327 826 2390 in
843 2325 1000 2404 Pisonem,
1016 2329 1089 2390 ciam

112 2429 378 2494 innumerabilem·
399 2429 507 2512 Magio
523 2429 673 2512 praefecto
696 2431 864 2512 pecuniam
889 2431 1015 2496 dixisset
1036 2432 1089 2496 da

113 2547 189 2612 tam,
211 2535 305 2615 idque
332 2533 469 2610 Scaurus
484 2535 636 2599 tenuitate
652 2534 753 2620 Magii
779 2536 1001 2621 redargueret:
1026 2536 1090 2600 Er,

111 2662 177 2717 ros,
202 2639 310 2721 inquit,
332 2638 461 2716 Scauro,
487 2642 641 2723 egoenim
656 2641 806 2726 Magium
816 2664 878 2706 riou
892 2644 1090 2707 conseruisse

111 2743 191 2820 dico,
206 2743 271 2820 sed,
291 2753 437 2826 tunquam
450 2745 550 2818 nudus
570 2767 664 2809 nrrces
680 2746 809 2830 legeret,
820 2747 851 2808 in
866 2759 972 2809 uentre
987 2745 1088 2809 obstu-

111 2849 202 2913 iisse:
225 2860 259 2912 ut
274 2848 323 2913 ille
340 2848 384 2912 M.
402 2848 514 2912 Cicero
536 2870 642 2924 senex,
664 2851 751 2934 hujus
778 2851 831 2912 viri
846 2849 966 2932 optimi,
991 2851 1088 2916 nostri

111 2953 279 3030 familiaris,
295 2965 394 3036 pater,
420 2964 542 3016 nostros
558 2951 695 3016 homines
710 2953 825 3016 similes
841 2974 907 3017 esse
935 2955 1088 3039 Syrorum

110 3058 285 3122 uenalium:
308 3069 340 3120 ut
366 3056 494 3141 quisque
509 3058 617 3139 optime*
642 3057 751 3120 Graeci
766 3057 868 3135 sciret,
890 3058 935 3123 ito
950 3081 1016 3124 esse
1037 3083 1088 3126 ne„

1 3200 15 3231 1,
110 3161 296 3247 ocissimum.
341 3161 440 3226 Valde
456 3172 561 3225 autem
575 3160 713 3224 ridentur
727 3162 823 3226 etiam
837 3162 1000 3248 imagines,
1015 3187 1086 3249 quae

109 3267 175 3332 fere
191 3265 222 3330 in
244 3263 485 3342 deformitatem,
501 3277 554 3329 aut
570 3267 599 3328 in
616 3264 741 3347 aliquod
757 3267 864 3330 vitium
878 3270 1017 3353 corporis
1031 3273 1086 3336 du.

84 3381 234 3446 cuntur,
260 3389 333 3432 eum
357 3367 555 3434 similitudine
582 3370 742 3456 turpioris:
768 3383 803 3436 ut
827 3391 932 3441 meum
957 3374 1030 3442 illud
1054 3377 1085 3442 in

110 3475 259 3540 Helvium
274 3473 447 3549 Manciam,
467 3473 539 3538 Jonr
554 3475 722 3552 ostendum,
743 3475 911 3561 cujusmodi
924 3479 991 3542 sis:-
1012 3484 1086 3552 curu
1199 3469 1209 3488 '
1226 3503 1227 3510 ¹

109 3581 161 3650 iile
181 3577 329 3660 Ostende,
343 3599 449 3670 quaeso
458 3599 471 3662 ,⁹
493 3578 704 3684 demonstravi
718 3579 817 3672 digito
828 3581 948 3670 pictum
959 3583 1086 3654 Gallum

571 3691 581 3748 l
591 3685 628 3748 3Ἀ
