2466 3966
368 167 411 209 or:
435 167 588 211 onrroan
613 159 711 212 maan
735 171 887 217 uramus.
1012 164 1015 175 ’
1065 157 1124 214 179

63 335 66 342 ·
135 311 354 394 tatistneque
379 311 453 376 vero
466 333 535 377 esse
556 313 745 391 mirandum,
770 314 806 391 si,
821 315 972 394 cum—suis
987 316 1124 382 consiliis

3 467 13 518 ·,
33 439 34 442 ¹
91 435 104 460 ι
134 412 362 495 rempublicam
379 411 585 498 profligasset,
605 415 913 480 consiliumsenatrls
930 418 1124 501 erepublica

31 537 34 542 ·
133 515 324 597 repudiaret.
369 515 433 580 ch
446 520 519 579 cum
534 517 653 581 bomini
668 526 701 581 et
712 517 892 581 vehementi
907 527 938 582 et
951 518 1079 598 diserto,
1091 532 1124 586 et

133 615 286 698 inprimis
302 616 375 700 forti
390 619 431 682 ad
447 619 667 695 resistendum,
682 619 837 702 Philippo,
862 620 951 700 quasi
966 622 1122 702 quasdam

133 717 302 790 verborum
318 719 406 782 faces
422 721 622 797 admovisset,
638 742 702 785 non
719 721 787 784 tulit
802 721 864 798 ille,
879 731 911 786 et
926 722 1123 805 graviterer·

133 819 220 895 ar'sit,
235 821 482 905 pignoribusque
510 823 625 887 ablatis
640 823 790 888 Crassum
817 824 949 887 instituit
964 827 1123 890 coercere.

134 921 213 991 Quo
225 924 352 1003 quidem
366 925 434 1007 ipso
449 925 479 987 in
493 925 567 989 loc'o
594 925 693 988 multa
708 947 728 989 a
743 925 860 989 Crasso
875 923 1022 990 divinitus
1037 925 1124 990 dicta

133 1024 514 1102 efferebantur,ci1msibi
529 1026 616 1110 illum
629 1027 792 1091 consulem
819 1047 888 1093 esse
915 1039 1059 1112 negaret,
1074 1029 1126 1092 cui

132 1135 262 1190 senator
276 1128 344 1210 ipse
360 1150 424 1192 non
447 1139 541 1192 esset.
558 1149 600 1190 an
616 1149 670 1203 aa,
686 1149 777 1196 ouon
794 1149 908 1192 ounau
922 1151 1125 1194 aucroarar·

134 1250 201 1292 'rau
225 1251 381 1294 unrvnnsr
410 1251 544 1294 onomrs
562 1251 623 1292 ano
647 1249 789 1292 araucas:
814 1253 1124 1306 sarantasmum

134 1353 169 1394 ru
186 1331 377 1396 consrscru
406 1353 856 1407 rorumnou.coucronn1s3
877 1353 921 1394 un
940 1353 1125 1398 mamoso-
1172 1343 1180 1364 '

132 1454 231 1496 arnus
260 1431 436 1496 nxrsu'ruas
464 1453 561 1496 rossa
590 1411 781 1496 rnaasarl
782 1454 846 1496 nou
863 1455 931 1496 mar
949 1454 1023 1496 mua
1040 1455 1123 1499 suar

133 1557 359 1612 concroanor,
382 1557 410 1598 s1
435 1556 583 1598 cnassuu
599 1556 652 1598 rrs
670 1556 841 1598 coenosas
856 1527 959 1597 func
977 1557 1045 1598 amr
1063 1559 1123 1601 usn

132 1658 323 1701 nxcmauoa
340 1659 482 1712 ωηεν-ις
505 1659 570 1706 aua
587 1659 649 1701 vua
666 1658 807 1712 avunsr,
833 1657 964 1700 srrnmu
991 1659 1063 1702 raso
1080 1662 1124 1703 ur·

134 1762 276 1803 aroruuu
293 1761 383 1802 sunu
400 1761 560 1802 arenaria
570 1737 644 1803 ‘uua
660 1761 861 1808 assumam.

176 1842 216 1906 ΙΙ.
240 1842 402 1906 Permulta
417 1852 484 1905 tum
500 1841 777 1907 vehementissima
797 1842 1001 1907 contentione
1018 1844 1125 1918 animi,

133 1945 262 2030 ingenii,
278 1945 398 2020 virium,
421 1944 463 2006 ab
474 1945 612 2008 eodicta
627 1965 695 2007 esse
711 1944 900 2020 constabat,
922 1947 1125 2009 sententiam·

112 2105 115 2110 .
133 2069 197 2130 que
212 2067 297 2121 eam,
313 2066 410 2128 quarn
425 2055 554 2110 senatus
580 2046 727 2127 frequens
755 2055 882 2109 secutus
898 2057 946 2109 est
968 2046 1126 2110 ornatissi-

91 2153 95 2164 '
124 2150 237 2222 'mis-et
247 2149 438 2233 gravissimis
462 2147 575 2224 verbis,
594 2147 635 2209 Ut
642 2146 764 2230 populo
789 2147 933 2210 Romano
949 2149 1126 2231 satisfieret,

133 2273 291 2337 nunquam
303 2251 430 2316 senatus
441 2271 542 2332 neque
553 2249 714 2312 consilium
725 2248 918 2332 reipublicae,
927 2249 1126 2334 aequefidem

133 2354 285 2440 defuisse,
302 2354 342 2416 ab
359 2373 398 2416 eo
413 2352 554 2416 dictam:
577 2362 609 2414 et
620 2352 757 2415 eundem
785 2351 830 2430 (id
847 2353 932 2433 quod
945 2353 981 2436 in¹
993 2352 1127 2415 auctori·

134 2456 253 2521 tatibus
270 2453 460 2538 praescriptis
475 2457 593 2537 exstat)
614 2453 782 2517 scribendo
799 2453 944 2518 adfuisse.
990 2452 1047 2517 Illa
1059 2465 1127 2518 tan·

135 2577 233 2640 quam
247 2578 371 2641 cycnea
382 2556 439 2620 fuit
451 2555 547 2620 divini
558 2554 693 2619 hominis
702 2577 762 2619 vox
775 2565 807 2620 ot
819 2557 931 2633 oratio,
943 2576 1038 2639 quam
1051 2577 1128 2639 qua·

135 2661 161 2724 si
176 2670 413 2743 exspectantes,
439 2669 512 2742 post
539 2658 604 2742 ejus
620 2657 779 2722 interitum
806 2658 1015 2724 veniebamus¹
1028 2657 1059 2720 in
1075 2679 1129 2721 cu·

136 2765 226 2839 riam,
239 2772 273 2825 ut
287 2761 456 2846 vestigium
472 2760 545 2824 illud
557 2760 670 2842 ipsum,
682 2761 712 2822 in
729 2779 792 2838 quo
808 2758 858 2823 ille
875 2760 1069 2841 postremum
1085 2758 1130 2820 in·
1192 2809 1197 2830 ,

37 2847 42 2854 “
134 2845 275 2938 stitisset,
300 2875 534 2928 contueremur.
581 2861 731 2941 Namque
758 2870 824 2922 tum
852 2858 988 2922 latusei
1009 2857 1129 2922 dicenti
1226 2927 1229 2932 ,

136 2965 347 3041 condoluisse,
363 2965 575 3043 sudoremque
587 2960 720 3024 multum
731 2972 940 3024 consecutum
951 2981 1032 3036 esse,
1044 2961 1130 3024 audi·

137 3071 291 3135 abemus:
315 3089 353 3132 ex
381 3087 444 3148 quo
460 3069 533 3129 cum
549 3063 771 3138 cohorruisset,
797 3083 869 3126 cum
893 3061 972 3126 febri
997 3063 1129 3126 domum

138 3172 248 3247 rediit;
269 3171 385 3250 dieque
412 3167 560 3252 septimo,
585 3165 690 3228 lateris
716 3164 836 3240 dolore,
861 3176 1046 3229 consumtus
1072 3176 1130 3230 est.

138 3273 334 3338 Ofallacem
359 3270 525 3334 bominum
549 3287 651 3352 spem,
666 3266 874 3350 fragilemque
900 3267 1072 3344 fortunam,
1098 3279 1131 3330 et

62 3425 91 3436 ..
138 3354 250 3441 inanes
267 3382 390 3434 nostras
407 3367 647 3435 contentiones!
670 3389 742 3450 quac
756 3368 787 3430 in
805 3367 910 3431 medio
926 3368 1030 3451 spatio
1046 3371 1130 3450 saepe

138 3479 337 3560 franguntur,
347 3483 379 3534 et
391 3483 553 3546 corruunt,
565 3483 597 3536 et
610 3474 695 3545 ante,
707 3471 737 3533 in
751 3469 820 3552 ipso
832 3489 937 3545 cursu,
947 3471 1131 3542 obruuntur,
1159 3477 1163 3482 '

138 3582 235 3667 quam
262 3583 390 3659 portum
416 3575 602 3656 conspicere
629 3583 808 3657 potueruut.
858 3571 955 3646 Nam,
978 3568 1132 3654 quamdiu
