2400 3980
317 149 362 192 or
384 148 533 192 onerosa
557 148 654 194 arnan
676 149 805 194 taraus.
1029 135 1048 192 8

78 315 137 360 rum
151 295 255 372 labor,
280 306 316 360 et
330 295 508 399 ambitionis
519 295 710 405 'oooqpatiq
735 296 867 362 decursu
884 273 1049 371 bonorum,

59 399 166 464 ·etiaur
185 399 292 464 aetatis
307 399 401 476 flexu,
418 387 615 492 &distillabat
659 398 1050 518 Qqefqppampogimdo

76 525 147 568 num
162 501 413 568 et'oonsiliorum
434 526 585 582 meorum,
610 507 683 570 ciam
701 526 812 590 graves
835 523 1048 572 communium

20 685 23 714 ι
47 679 49 687 s
76 619 265 692 temporum,
280 619 347 686 turn
359 608 433 674 varii
448 609 647 676 nostricaaus
659 608 843 676 fefellerunt.
887 607 983 685 Nam,
997 606 1051 691 qui

58 701 161 801 {locus
174 713 289 796 quietis
300 723 332 776 et
346 713 574 796 tranquillitatis
589 713 783 798 plenissimus
797 713 864 780 lore
875 710 1049 788 videbatur,

74 818 104 880 in
120 837 160 882 eo
175 817 322 882 maximae
347 816 446 882 moles
471 817 695 896 molestiarum,
720 829 753 884 et
777 814 1049 884 turbulentissime

74 932 281 1006 tempestates
295 921 490 988 exstiterunt.
534 923 648 1008 Neque
659 923 732 989 verb
747 923 838 990 nobis
852 919 1051 1008 cupientibus

73 1036 170 1110 atque
194 1025 416 1110 exoptantibus
441 1026 557 1092 fruetus
581 1028 754 1128 otiihdatus
768 1040 816 1093 eat
830 1028 872 1113 ad
887 1048 942 1120 aas
957 1035 1050 1121 artes,
1077 1108 1081 1119 1

73 1131 187 1214 quibua
202 1151 222 1194 a
236 1131 339 1215 pueris
354 1131 451 1196 dediti
465 1131 590 1210 fuimus,
604 1103 821 1209 eeleblarldas,
835 1121 915 1198 inter
929 1116 1055 1214 uosque
1095 1121 1097 1128 ’
1160 1125 1162 1134 ’

72 1234 268 1300 recolendas.
299 1235 397 1402 &lpus
414 1235 623 1353 fflffifflffile
641 1237 806 1304 incidimus
820 1236 852 1300 in
867 1236 968 1320 ipsam
983 1255 1050 1320 per·
1120 1285 1125 1292 .

71 1338 284 1404 turbationem
328 1303 477 1425 ucibbnae
492 1343 618 1407 veteris:
640 1352 673 1406 et
688 1341 853 1407 consulatu
868 1339 1050 1406 devenimus
1142 1339 1146 1354 '

71 1445 103 1508 iu
119 1443 259 1509 modium
281 1465 385 1508 rerum
400 1445 541 1510 omnium
566 1455 728 1509 certarnen
754 1455 849 1528 atque
863 1444 1049 1508 discrimen:

73 1559 106 1612 et
121 1547 185 1611 boo
199 1559 322 1632 tempus
337 1569 432 1614 omne
444 1558 517 1633 post
530 1548 728 1618 consulatum
745 1547 918 1634 objecimus
929 1546 965 1613 iia
975 1545 1051 1612 fluo-

72 1653 167 1731 tibus,
181 1653 244 1738 qui,
259 1675 314 1738 per
329 1674 389 1718 nos
402 1674 422 1719 a
437 1654 598 1721 communi
613 1664 702 1738 peste
717 1653 849 1739 depulsi,
868 1653 900 1718 in
915 1663 1051 1720 uosmet·

71 1757 157 1842 ipsos
179 1756 403 1823 redundabunt,
447 1758 512 1824 Sed
528 1769 637 1824 tamen
658 1758 689 1823 in
705 1758 752 1823 bis
766 1757 815 1824 val
830 1756 1050 1842 asperitatibus

72 1882 187 1939 rerum,
212 1861 261 1928 vel
277 1861 427 1947 angustiis
442 1863 602 1959 tempqris,
627 1861 785 1946 obsequar
806 1862 915 1928 studiis
929 1859 1051 1936 nostris,

71 1976 117 2044 et,
131 1975 286 2052 quantum
309 1966 384 2030 mibi
398 1966 447 2031 vel
461 1962 545 2032 fraus
560 1946 769 2044 ibimicorum,
790 1966 840 2034 vel
855 1989 960 2034 causas
976 1965 1051 2032 ami·

71 2093 194 2150 oerum,
208 2071 257 2138 vel
272 2071 449 2155 respublica
463 2072 581 2139 tribuet
595 2074 660 2149 otii,
686 2074 727 2136 ad
742 2073 943 2138 scribendum
957 2073 1052 2157 potis·

72 2176 186 2242 simum
216 2175 389 2242 conseram.
432 2176 506 2241 Tibi
534 2178 619 2252 verb,
648 2174 753 2252 frater,
781 2176 1052 2259 nequeibortanti

71 2282 181 2357 deero,
198 2301 302 2364 neque
317 2281 460 2366 roganti3
480 2301 556 2344 nom
571 2300 676 2362 neque
692 2278 881 2344 auctoritate
895 2280 1050 2364 quispiam

74 2385 160 2470 apud
175 2407 227 2451 me
242 2384 311 2469 plus
326 2384 429 2449 valere
444 2395 476 2448 te
491 2394 606 2468 potest,
620 2405 726 2468 neque
738 2382 910 2451 voluntate.

96 2489 156 2554 111.
179 2489 229 2554 Ac
242 2488 317 2570 mini
331 2489 504 2573 repetenda
519 2501 567 2554 est
581 2489 693 2554 veteris
709 2489 873 2574 cujusdam
889 2490 1050 2558 memoriae

26 2591 44 2616 ⁷⁸
54 2572 481 2678 'borl‘s'dub'siitis‘eriplioata
492 2593 679 2670 recordatio,
694 2595 760 2671 sed,
772 2606 806 2658 ut
819 2594 960 2673 arbitror,
975 2608 1052 2680 apta

72 2699 113 2762 ad
126 2699 169 2775 id,
183 2699 268 2781 quod
276 2696 419 2804 pequiris,
434 2707 468 2762 ut
479 2719 666 2782 cognoscas,
681 2720 753 2782 quse
766 2698 819 2762 viri
832 2699 975 2762 omniurn
988 2699 1050 2764 elo·

71 2803 267 2888 quentisaimi
292 2802 515 2886 clarissimique
539 2803 690 2867 senserint
706 2804 746 2866 de
761 2802 847 2866 omni
870 2802 992 2868 ratione
1007 2803 1051 2868 di·

71 2908 175 2974 cendi.
219 2907 274 2971 Vis
291 2907 386 2984 enini,
400 2920 445 2978 ,ut
461 2906 534 2970 rnibi
557 2909 642 2990 saeps
665 2906 778 2983 dixisti,
803 2907 953 2990 quoniam
977 2928 1049 2991 qure

73 3013 187 3098 pueris,
209 3024 263 3075 aut
280 3011 519 3102 adolescentulis
542 2999 631 3076 bobis
646 3032 684 3096 er
700 2985 965 3077 commentariolis
980 3035 1050 3078 nos·

71 3117 125 3180 tris
141 3116 291 3180 inchoata
306 3137 345 3180 ac
360 3116 449 3180 rudia
463 3106 656 3191 exciderunt,
680 3115 730 3178 vir
755 3115 816 3180 bae
832 3127 927 3182 rotate
942 3117 1050 3202 digna,

71 3233 104 3290 et
120 3220 182 3320 boo
196 3241 265 3296 usu,
279 3241 373 3336 qqepr
388 3242 427 3286 er
442 3221 555 3303 causis,
570 3240 649 3314 quas
663 3219 806 3297 diximus,
829 3233 876 3286 tot
888 3221 1049 3305 ,tantisque

71 3315 237 3392 consecuti
251 3309 376 3403 auritus}
386 3307 514 3408 “aliquid
532 3322 641 3390 iisdem
656 3325 696 3390 de
712 3325 805 3390 robus
819 3326 946 3410 politius
960 3347 980 3390 a
994 3347 1049 3391 ao·

72 3431 120 3494 bis
142 3428 372 3515 perfectiusque
398 3429 544 3513 proferri:
569 3429 713 3513 solasque
736 3449 964 3514 nonnunquam
987 3429 1049 3494 bac

71 3535 113 3598 de
128 3553 161 3599 ra
176 3555 195 3598 a
212 3552 263 3595 me
288 3532 318 3594 in
333 3533 595 3617 disputationibus
619 3531 732 3598 nostris
757 3532 939 3602 dissentire:
961 3533 1048 3616 quod

70 3659 133 3724 ego
159 3635 468 3722 prudentissimorum
498 3635 806 3714 insinuantibus
833 3637 1048 3720 eloquentiam

845 3777 869 3830 fl
919 3827 922 3840 .
