2466 3966
111 105 174 167 iio
247 178 250 182 ¹
334 117 377 172 ps
401 103 556 166 cosroes
580 117 679 162 araca
701 117 884 164 sucunous.
958 103 961 109 '

14 345 15 348 Ἴ
107 263 212 333 solent
227 261 370 348 magistri
386 262 492 347 pueris
506 263 645 338 tradere,
670 262 910 344 relinquamuse
929 265 1124 347 aperiamus

109 377 218 436 autam
233 387 274 430 aa
297 366 418 450 capita,
444 366 531 432 uude
545 366 650 432 omnis
665 366 707 430 ad
734 385 865 430 omnem
880 379 913 430 et
931 387 1063 432 cauam
1080 381 1122 434 et

109 468 289 538 orationem
300 467 475 552 disputatio
488 467 622 534 ducitur.
667 467 783 548 Neque
795 467 892 543 enim,
907 469 1030 550 quoties
1046 491 1120 534 rer·

109 571 188 662 hum
202 572 332 654 aliquod
356 582 405 636 est
420 571 626 640 scribendum
642 570 757 646 nobis,¹
771 571 866 636 toties
882 573 948 655 ejus
970 573 1058 636 verbi
1082 573 1120 636 ii-

111 685 188 741 terae
213 685 287 740 suut
302 673 500 757 cogitatione
516 672 764 756 conquirendae3
786 693 848 736 uec
863 673 988 754 quoties
1014 695 1120 740 causa

110 777 248 846 dicenda
264 789 325 854 cst,
339 776 434 840 toties
451 777 492 840 ad
505 776 572 860 ejus
587 795 694 840 causae
706 775 848 859 seposita
865 787 1056 860 argumenta
1069 799 1121 842 re·

111 880 194 944 volvi
205 901 264 944 nos
277 888 424 962 oportet:
447 878 505 948 sed
521 877 640 944 hebere
655 889 760 942 certos
776 878 875 969 iocos,
888 879 951 959 qni,
966 891 1001 942 ut
1015 878 1122 942 literae

114 961 156 1051 ad
173 982 303 1046 verbum
318 980 534 1056 scribendum,
549 979 596 1044 sic
611 979 653 1044 illi
669 981 710 1044 ud
726 999 858 1044 causam
880 981 1123 1062 explicandam,

110 1084 219 1152 statim
234 1093 415 1148 occurrent.
434 1153 440 1162 ¹
461 1081 528 1148 Sed
555 1081 664 1172 hiloci
691 1083 720 1146 ei
746 1082 876 1146 demum
902 1082 1021 1148 oratori
1044 1105 1121 1166 pro·

111 1188 205 1255 desse
221 1195 365 1268 possunt.
391 1184 444 1266 qui
459 1194 508 1250 cst
524 1194 666 1248 versatus
682 1183 713 1246 in
729 1184 834 1259 rebus,
860 1185 908 1248 vei
925 1205 993 1260 usu,
1019 1206 1119 1266 quem

113 1301 193 1354 astas
207 1288 346 1370 denique
363 1287 478 1362 affert3
503 1286 553 1350 vel
580 1284 742 1350 auditione
761 1295 794 1352 et
809 1287 1018 1370 cogitatione,
1043 1309 1122 1370 quae

59 1397 73 1407 ’“
111 1391 218 1458 studio
242 1401 275 1456 et
290 1389 455 1474 diligentiis
470 1388 633 1474 proecurrit
648 1400 789 1452 aetatem.
833 1389 865 1452 N
869 1389 964 1456 amsi
989 1401 1023 1452 tu
1039 1388 1145 1453 mihi·

114 1495 259 1578 quamvis
274 1493 433 1558 eruditum
461 1493 624 1560 homiuem
641 1491 820 1567 adduxeris,
846 1491 991 1574 quamvis
1008 1513 1120 1558 acrem

86 1673 89 1680 Ι
115 1608 149 1664 et
165 1609 297 1662 acutum
312 1597 343 1660 in
356 1597 544 1679 cogitando,
558 1595 702 1675 quamvis
718 1595 760 1658 ad
776 1596 1046 1676 pronuntiandum
1065 1616 1122 1660 ex·

116 1698 387 1784 peditum,s1erit
403 1696 512 1760 idem
505 1717 536 1760 rn
553 1696 784 1762 consuetudine
803 1697 950 1776 civitatis,
965 1700 996 1772 in
1012 1721 1121 1764 exem·

53 1809 57 1820 “
116 1799 206 1886 plis,
199 1821 232 1864 in
246 1798 406 1875 institutis,
429 1799 460 1860 in
477 1799 617 1862 moribus
633 1819 673 1862 ac
688 1799 946 1864 voluntatibus
919 1800 1034 1872 arvium
1049 1823 1122 1866 suo·

116 1923 189 1970 rum
203 1903 330 1986 hospes,
342 1923 407 1966 non
419 1900 595 1965 multum
568 1923 597 1966 er
613 1901 672 1987 lop
690 1903 865 1985 proderunt
881 1903 933 1980 illi,
951 1925 990 1968 ax
1006 1905 1123 1986 quibus

119 2017 311 2092 argumenta
334 2015 543 2090 promuntur:
566 1925 940 2090 sadt0i8²‘idii1i1ngeni0
955 2029 1036 2092 opus
1063 2021 1124 2086 est,

119 2122 154 2182 ut
167 2131 246 2196 agro
262 2131 327 2174 non
339 2108 440 2173 semel
456 2119 559 2183 arato,
573 2109 629 2172 sed
646 2121 766 2172 novato
782 2121 815 2172 et
830 2109 853 2172 it
876 2123 956 2218 rato,
978 2111 1042 2191 qud
1057 2131 1125 2176 rne-

119 2213 213 2280 liores
229 2214 323 2280 ioetus
336 2212 436 2296 possit
447 2226 480 2276 et
494 2210 681 2295 grandiores
693 2213 798 2276 cdere.
844 2131 1013 2277 §diiectio
1013 2222 1124 2288 autem
1218 2233 1219 2236 ’

121 2331 171 2384 est
186 2340 271 2392 usus,
286 2315 418 2390 auditio,
432 2312 539 2388 lectio,
554 2313 662 2379 liter'ae.

166 2422 216 2484 Ac
229 2419 367 2501 primam
382 2427 531 2478 naturam
546 2435 653 2479 causae
668 2416 785 2491 videat,
811 2437 884 2498 quae
899 2439 1064 2499 nunquam
1081 2421 1126 2486 is·

123 2533 191 2596 tet3
219 2519 384 2582 factumue
399 2517 449 2590 sit,
464 2528 634 2596 quaeratur,
657 2538 710 2588 en,
724 2518 819 2598 quale
834 2518 884 2592 sit,
900 2539 953 2594 nn,
967 2521 1053 2599 quod
1070 2543 1127 2588 no·

125 2644 199 2688 meu
225 2619 363 2684 habeat:
394 2637 458 2698 quo
485 2629 665 2700 perspecta,
691 2617 800 2696 statim
825 2622 963 2686 occurrit
989 2625 1125 2690 naturali

126 2724 266 2810 quddam
280 2719 458 2808 prudentii,
483 2741 548 2782 non
565 2720 612 2784 his
626 2721 890 2789 subductionibus
905 2745 985 2806 quas
1001 2725 1051 2790 isti
1071 2729 1126 2792 do·

128 2842 214 2906 cent,
236 2827 313 2912 quid
328 2825 427 2894 saciet
442 2845 586 2900 causam,
601 2824 707 2902 idest,
725 2845 789 2906 quo
804 2827 930 2892 sublato
946 2841 1128 2896 controver-

129 2934 177 2996 sia
192 2945 276 2994 stare
302 2952 367 2994 uon
394 2930 511 3013 possit:
535 2929 663 3007 deinde,
689 2930 764 3012 quid
788 2931 896 2998 veniat
919 2933 949 2995 in
961 2933 1127 3018 judiciuin,

130 3032 215 3116 quod
233 3032 283 3096 isti
299 3032 345 3094 sic
356 3033 471 3116 jubent
487 3053 639 3121 quarere.
683 3033 849 3098 interfecit
864 3034 1012 3118 Opimius
1028 3037 1126 3102 Grac·

131 3136 246 3202 edum:
269 3133 344 3214 quid
360 3133 438 3198 facit
452 3136 607 3198 consumi
631 3137 718 3217 quod
734 3137 917 3220 reipublicoe
932 3138 1041 3216 causi,
1055 3143 1127 3204 cnm
1214 3155 1219 3194 t

132 3256 172 3304 cx
187 3235 465 3328 acostdsconsuito
490 3239 531 3303 ud
549 3259 640 3302 arma
654 3239 819 3306 uocasset:
843 3241 906 3304 hoc
921 3241 1008 3319 tolle,
1031 3261 1127 3309 causa

133 3339 199 3401 riou
214 3338 282 3401 erit.
326 3338 369 3399 At
385 3338 416 3400 id
443 3338 546 3421 ipsum
561 3353 661 3424 negat
675 3354 789 3408 contra
814 3344 903 3429 leges
917 3345 1042 3410 licuisse
1069 3345 1128 3411 De·

135 3441 211 3508 cius.
256 3439 373 3508 Veniet
387 3438 480 3524 igitur
495 3442 526 3506 in
546 3442 712 3526 judicium,
732 3446 898 3512 licueritne
924 3471 963 3512 ex
990 3449 1128 3514 sensus·
1217 3451 1219 3464 ¹

135 3539 294 3618 consulto,
319 3543 486 3612 serssndae
499 3545 683 3628 republicis
706 3549 813 3614 causa
859 3549 1034 3635 Perspicua
1059 3566 1129 3618 sunt
