2466 3966
89 135 102 152 '
173 127 221 204 84Ι
400 163 442 203 nu
460 159 613 202 onnronr
639 159 737 201 arnan
759 159 940 202 sacuunus.

170 303 259 389 puli
251 305 404 380 tnoitatio,
424 317 457 368 et
477 303 624 368 effrenati
639 305 849 368 moderatio,
872 303 996 367 Eadem
1012 303 1196 372 facultate

170 419 203 473 et
218 408 301 472 fraus
318 407 481 472 hominurn
499 407 539 470 ad
554 407 738 490 perniciem,
753 417 785 470 et
798 379 970 490 integritas
976 395 1017 469 ati
1030 407 1193 472 sulutem

130 529 133 534 ’
170 523 310 575 vocatur.
357 511 439 579 Quis
461 509 621 573 cohortari
620 509 868 624 Uirtutem,
869 511 1040 585 ardentius,
1060 511 1136 591 quis
1159 535 1193 576 a

168 613 248 678 vitiis
264 613 366 677 acrius
383 633 543 688 revocare,
558 611 626 692 quis
641 623 820 694 vituperare
835 607 996 694 improbos
1012 613 1190 694 asperius,

168 712 1185 796 quislaudarebonosornatius,quiseupiditatemvehementius

165 818 313 902 frangere
330 817 512 880 accusando
529 816 656 899 potest?
680 817 747 896 quis
760 835 928 878 moerorem
941 817 1045 878 levare
1059 817 1182 882 mitius

166 919 386 984 consolando?
411 917 551 980 Historia
563 919 638 981 vero
651 918 738 981 testis
751 930 940 1000 temporum,
953 917 1180 994 tarvennis,

107 1043 111 1093 2
165 1020 229 1084 vita
244 1015 416 1096 memoriae,
432 1021 583 1102 magistra
595 1019 678 1095 vitae,
694 1019 804 1096 nuntia
818 1021 992 1094 vetustatis,
1007 1019 1068 1100 qua
1082 1041 1177 1086 voce

164 1121 236 1198 alia,
257 1122 315 1186 nisi
331 1123 473 1197 oratoria,
498 1122 727 1184 immortalitati
742 1121 1008 1185 commendatur?
1031 1121 1119 1184 Nam
1140 1126 1174 1186 si

163 1243 227 1304 qua
246 1234 294 1287 est
315 1245 365 1287 ars
381 1223 452 1299 alia,
468 1245 539 1304 quae
550 1207 717 1286 vestrorum
734 1235 790 1286 aut
803 1223 1021 1286 faciendorum
1039 1233 1094 1286 aut
1107 1226 1174 1288 de·

161 1326 747 1430 ligandorumscientiamprofiteatur,
763 1338 817 1388 aut
827 1348 851 1388 st
844 1325 1171 1406 quisquamdtortur

161 1427 220 1491 nisi
235 1440 352 1504 orator,
368 1412 709 1503 forin‘a‘re‘orationem,
725 1449 861 1510 eamque
873 1429 994 1492 variare
1007 1441 1039 1492 et
1050 1429 1171 1494 distin·

159 1553 257 1616 guere
273 1553 362 1611 quast
355 1531 567 1612 quibusdam
579 1531 746 1593 verborum
759 1527 1050 1611 sententiarumque
1063 1532 1167 1616 insig-

160 1633 271 1706 nibus3
295 1645 347 1695 aut
364 1633 388 1694 si
403 1635 455 1694 via
471 1633 589 1708 ulla,
560 1655 616 1694 nist
610 1633 684 1706 ab
693 1633 753 1695 hac
770 1653 832 1694 una
848 1645 926 1707 arte,
941 1633 1083 1708 traditur,
1100 1653 1167 1701 aut

157 1746 417 1842 argumentorum
435 1745 489 1807 aut
501 1717 555 1794 sen
544 1719 739 1814 teritiar‘n'm,
756 1747 810 1796 aut
822 1735 958 1816 denique
971 1736 1164 1818 descriptio·

157 1833 206 1896 nis
222 1844 318 1914 atque
319 1814 468 1913 ordinis,
484 1817 645 1897 fateamur
658 1849 712 1898 aut
728 1836 800 1911 hoc,
815 1836 900 1918 quod
918 1839 987 1902 haec
1001 1860 1049 1900 ars
1062 1842 1163 1921 profi-

156 1947 272 2013 teatur,
288 1937 426 2000 alienum
442 1959 521 2013 esse,
541 1950 595 2000 aut
611 1959 685 2000 oum
701 1939 807 2020 aliqua
824 1939 883 2002 alia
899 1955 966 2004 arte
982 1963 1050 2004 esse
1067 1963 1161 2005 com-

156 2059 261 2102 mune.
308 2039 413 2102 Sed
390 2061 414 2102 sr
431 2041 461 2103 in
479 2041 540 2104 hac
556 2063 618 2103 una
637 2051 683 2103 est
701 2063 751 2116 ea,
767 2045 847 2105 ratio
871 2055 966 2124 atque
986 2043 1161 2123 doctrina·

155 2163 231 2217 non,
246 2143 270 2205 si
287 2143 341 2230 qui
357 2143 487 2206 aliarum
505 2144 619 2207 artium
635 2143 718 2207 bene
734 2145 831 2206 locuti
847 2158 929 2221 sunt,
945 2147 984 2209 eo
1000 2146 1103 2210 minus
1121 2149 1157 2214 id

154 2255 202 2309 est
196 2223 335 2330 hujus
311 2267 400 2309 umus
413 2247 581 2330 proprium
618 2247 694 2321 Sed,
705 2259 737 2308 ut
748 2249 934 2310 oratorde
916 2271 950 2311 ns
963 2251 1065 2325 rebus,
1078 2271 1157 2332 quae

114 2394 121 2403 ,
153 2349 471 2412 caeterarumartrum
493 2349 622 2423 sunt,si
644 2350 817 2412 nodosas
839 2351 994 2434 cognorit,
1016 2353 1154 2434 (utheri

153 2448 286 2511 Crassus
305 2451 459 2533 diceban)
479 2452 597 2533 optime
622 2462 725 2532 potest
745 2451 870 2529 dicere3
892 2456 937 2518 sic
959 2469 1154 2524 caeterarum

151 2550 266 2624 artium
282 2551 426 2614 homines
442 2555 581 2615 ornatius
601 2553 652 2615 itta
673 2575 728 2616 sua
748 2557 869 2631 dicunt,
887 2557 911 2619 si
930 2559 1004 2640 quid
1024 2560 1065 2622 ab
1085 2562 1152 2629 hae

151 2663 219 2716 arte
232 2652 420 2718 didicerunt.
466 2655 580 2735 Neque
590 2657 673 2718 enim
685 2657 711 2717 si
721 2657 760 2720 de
771 2659 892 2722 rusticis
902 2656 993 2724 rebus
1005 2664 1150 2746 agricola

148 2753 317 2840 quispiam,
338 2757 504 2820 autetiam
522 2757 563 2832 id,
580 2759 663 2839 quod
683 2759 782 2834 rnuiti,
803 2763 944 2826 medicus
960 2765 1000 2827 de
1017 2767 1150 2844 morbis,

149 2859 1148 2951 autdepingendopictoraiiquisdisertedixeritautscripserit,

58 2981 67 3031 j
147 2959 267 3024 idcirco
283 2960 362 3024 iilius
379 2963 451 3026 artis
467 2965 607 3046 putanda
621 2966 659 3028 sit
672 2965 872 3047 eloquentia:
895 2971 1001 3054 inqua
1013 2975 1086 3052 quia
1099 2980 1146 3040 vis

146 3081 266 3144 magna
282 3065 372 3126 estin
387 3065 548 3128 hominnm
567 3068 710 3150 ingeniis,
726 3071 764 3132 ao
779 3071 867 3132 multi
879 3071 976 3134 etiam
988 3077 1145 3142 sinedoc-

145 3163 226 3226 trinfi
241 3163 358 3247 aliquid
375 3167 516 3230 omnium
532 3165 683 3252 generum
702 3185 796 3252 atque
813 3174 925 3235 artium
942 3197 1143 3261 consequun-

144 3276 208 3332 tur:
231 3268 299 3344 sed,
318 3267 392 3349 quid
410 3270 561 3354 cujusque
577 3271 616 3334 sit
633 3275 804 3355 proprium,
825 3277 882 3338 etsi
899 3299 936 3340 ex
953 3301 992 3342 eo
1005 3280 1141 3364 judicari

142 3379 260 3451 potest,
272 3374 345 3432 cum
357 3371 480 3446 videris,
492 3375 566 3453 quid
578 3395 711 3454 quaeque
722 3376 872 3454 doceant,
883 3393 989 3444 tamen
1002 3381 1063 3450 hoe
1075 3408 1140 3448 oer-

142 3471 203 3535 tius
219 3471 295 3536 nihil
316 3495 385 3536 esse
409 3487 523 3556 potest,
547 3479 641 3556 quam
658 3480 742 3557 quod
759 3473 870 3545 omnes
887 3497 970 3547 artes
987 3484 1056 3547 aliae
1071 3490 1138 3552 sine

141 3574 322 3657 eloquentia
338 3597 428 3639 suurn
446 3597 559 3656 munqs
576 3591 726 3660 praestare
744 3599 884 3664 possunt,
901 3601 1007 3650 orator
1021 3589 1087 3652 sine
1101 3591 1138 3655 ea
