2466 3966
300 211 352 254 on·
368 207 522 292 operosa
546 207 644 252 arana
668 208 848 254 scouunus.
1031 193 1068 253 or

100 357 178 422 XV.
205 354 282 420 Sed
298 353 373 416 illuc
390 327 496 416 redeo.
540 351 715 426 Videtisne,
730 362 885 434 quantum
904 326 1019 418 munus
1033 335 1116 416 srt.⁴

64 459 201 524 cratoris
220 455 380 578 hp‘storial
404 454 489 518 haud
505 455 581 530 scio,
598 475 639 518 on
654 454 785 518 flumine
800 454 962 532 orationis,
977 467 1011 522 et
1021 477 1073 522 va·

64 563 180 626 rietate
196 534 401 664 mar'ninu‘rn:
425 577 528 636 neque
554 567 664 620 temen
691 577 764 620 enm
789 555 913 638 reperio
940 576 1074 638 usquam

30 661 250 762 separatim
281 632 470 722 instructam
498 659 660 723 rhetorum
690 656 877 742 praeceptis:
911 656 972 720 sita
1001 670 1074 724 sunt

65 766 152 827 enim
178 774 264 827 ante
280 761 400 825 oculos.
445 761 532 824 Nam·
558 760 627 840 quis
642 762 754 836 noscit,
780 761 916 844 primam
931 779 1000 822 esse
1015 758 1074 822 his·

30 867 156 930 toriae
173 867 302 948 legem,
313 882 355 926 ne
369 863 444 943 quid
457 862 526 926 falsi
537 861 644 926 dicere
655 863 794 971 audenti
817 862 934 968 demde
942 883 986 926 na
997 861 1072 976 quid
1160 883 1166 894 ·

30 959 130 1032 veri
159 987 233 1030 non
260 965 400 1028 audeatl
427 986 468 1036 ne
494 985 558 1045 qua
583 947 720 1047 suspicio
733 946 861 1048 gratias
874 935 955 1029 dt
946 956 979 1048 ui
1002 963 1075 1028 scri·

30 1044 208 1136 bendol
232 1089 275 1130 ne
303 1088 366 1148 qua
391 1067 581 1130 simultatis?
607 1065 696 1130 Haec
719 1068 840 1132 scilieet
865 1068 1076 1133 fundamenta

30 1121 32 1258 V
68 1183 147 1236 nota
164 1181 253 1234 sunt
261 1169 418 1233 omnibus.
463 1169 538 1251 lpse
554 1179 662 1232 autem
676 1169 888 1267 exaedificatio
890 1169 1007 1256 posita
1026 1179 1075 1234 est

30 1275 97 1336 in
114 1275 219 1338 rebus
235 1285 269 1334 et
284 1271 396 1335 verbis.
441 1271 561 1334 Rerum
578 1271 658 1334 ratio
670 1237 820 1334 ordinem
830 1281 1010 1354 temporum
1021 1272 1075 1336 de·

30 1368 206 1449 rideret,
233 1373 402 1456 regionum
427 1373 691 1492 descriptionem.
714 1372 903 1446 vultctiam,
923 1373 1075 1452 quoniam
1103 1396 1106 1404 ¹

71 1479 100 1540 in
116 1477 232 1563 ,rebus
260 1475 384 1557 magnis
410 1473 625 1553 memoriaque
651 1472 754 1555 dignis
781 1471 911 1536 consilia
928 1467 1075 1554 primum,
1114 1476 1117 1484 '

72 1578 195 1642 deinde
213 1587 298 1650 acte,
315 1587 424 1657 postea
442 1587 572 1640 eventus
588 1584 822 1657 exspectantur,
838 1584 870 1637 et
885 1575 925 1644 de
938 1573 1076 1639 consiliis

73 1678 252 1793 significari
268 1678 343 1758 quid
359 1678 492 1760 scriptor
507 1678 631 1759 probet,
646 1688 678 1739 et
701 1677 732 1738 in
748 1676 841 1740 rebus
856 1676 954 1762 gestis
970 1677 1076 1742 decla·

74 1781 147 1857 rari,
177 1801 242 1844 non
270 1779 371 1841 soldm
397 1779 472 1859 quid
488 1789 595 1843 actum
615 1789 669 1842 aut
695 1779 816 1843 dictum
831 1779 879 1856 sit,
895 1779 952 1844 sed
978 1780 1076 1844 etiam

75 1882 262 1964 quomodo:
286 1892 318 1943 et
333 1885 407 1944 cum
430 1882 471 1943 de
495 1892 610 1944 eventu
636 1881 771 1956 dicatur,
797 1892 830 1942 ut
847 1901 954 1944 causas
981 1883 1077 1966 expli·

76 1997 192 2048 centur
207 2003 330 2058 omnes,
356 1983 404 2045 vel
420 1984 511 2046 casus
533 1982 581 2046 vel
607 1982 778 2064 sapientiae,
805 1983 853 2044 vel
869 1983 1075 2048 temeritatis:

78 2087 308 2166 hominumque
324 2083 463 2167 ipsorum
486 2106 549 2147 non
565 2083 668 2147 solum
683 2105 731 2147 res
746 2094 857 2165 gesta,
882 2081 938 2144 sed
967 2059 1076 2160 etiam,

30 2247 31 2272 V
69 2171 131 2270 'qui
155 2187 242 2276 lamii
268 2208 307 2250 ac
324 2187 452 2250 nomine
469 2185 637 2258 excellant,
664 2186 704 2247 de
720 2184 871 2267 cujusque
889 2181 956 2244 vira
979 2193 1076 2264 atque

30 2277 31 2300 ¹
79 2289 203 2354 natura.
251 2288 424 2352 Verborum
443 2299 549 2350 autem
566 2287 657 2361 ratio,
683 2298 716 2349 et
731 2305 832 2368 genus
848 2282 1012 2359 orationis,
1032 2283 1078 2346 fu·

79 2413 151 2454 sum
177 2401 274 2470 atque
290 2401 437 2466 tractum,
463 2400 495 2452 et
511 2407 585 2452 cum
610 2387 741 2452 lenitate
764 2387 902 2469 quddam
928 2384 1077 2468 'aequebili

81 2493 252 2576 profluens,
266 2493 334 2556 sine
347 2493 408 2556 huc
418 2491 561 2575 judiciali
577 2491 759 2574 asperitate,
775 2501 808 2555 et
822 2490 890 2554 sine
905 2489 1076 2560 sententia·

81 2614 150 2657 rum
174 2593 347 2658 sorensium
362 2593 490 2668 aculeis
513 2595 768 2676 persequendum
784 2605 841 2656 est.
887 2593 1077 2671 Harum-tot

81 2703 305 2776 tantarumque
322 2717 424 2759 rerum
440 2695 593 2759 videtisne
610 2697 673 2759 ulla
689 2717 757 2761 osse
771 2705 944 2778 praecepta,
957 2715 1029 2776 quae
1044 2694 1076 2756 in

83 2798 202 2862 artibus
218 2798 379 2862 rhetorum
395 2797 612 2878 reperianturl
977 2853 986 2860 ,
1099 2783 1105 2810 ¹

124 2899 163 2962 In
185 2900 300 3007 ecdem
316 2899 440 2968 silentio
456 2898 556 2960 multa
582 2897 645 2960 ulia
660 2907 821 2960 oratorum
838 2895 981 2959 officia
969 2914 1079 2978 Jacue·
1112 2962 1120 2978 „

86 3017 163 3078 runt,
179 2985 427 3077 cohortationes,
441 2999 687 3074 consolationes,
703 3009 876 3081 praecepta,
893 2997 1078 3074 admonita3

88 3113 156 3186 que
171 3106 340 3168 tractanda
352 3115 427 3166 sunt
437 3101 545 3166 omnia
556 3099 773 3164 disertissime.
796 3103 852 3165 sed
868 3102 975 3165 locum
987 3120 1077 3165 suum

88 3206 119 3270 in
134 3205 189 3268 illis
204 3206 334 3282 artibus,
348 3226 420 3288 quae
435 3203 560 3279 traditae
570 3213 651 3278 sunt,
665 3203 785 3267 habent
797 3204 925 3266 nullum.
970 3203 1078 3286 Atque

90 3309 120 3372 in
136 3308 194 3372 hoo
208 3328 326 3392 genere
341 3307 395 3370 illa
406 3327 534 3389 quoque
550 3317 598 3371 est
610 3303 733 3369 infinita
745 3306 834 3382 silvo,
858 3305 944 3388 quod
961 3304 1079 3370 oratori

92 3409 226 3493 plerique
242 3410 290 3490 (ut
306 3408 404 3472 etiem
428 3410 562 3473 Crassus
587 3405 741 3492 ostendit)
753 3409 818 3472 duo
833 3429 954 3492 genera
969 3409 1011 3471 ad
1036 3406 1081 3472 di·

94 3512 225 3576 cendum
249 3510 422 3586 dederunt3
443 3529 549 3584 unum¹
567 3511 608 3576 de
634 3511 722 3576 certe
748 3509 942 3593 definitaque
971 3507 1079 3582 causa,

30 3639 32 3768 V
96 3613 381 3696 qualemcunque
403 3612 563 3689 inlitibus,
577 3633 649 3694 quae
664 3612 697 3678 in
716 3611 999 3680 deliberationibus
1013 3628 1079 3673 ver·
