2458 3972
145 147 208 210 m
381 163 423 210 ns
438 163 590 208 ossross
613 161 711 208 nrnss
730 161 882 208 nemius.

41 337 46 356 ¹
145 311 722 393 dicerentunssnttrnnslstsquodsnr
736 309 1037 387 modulorum
1051 327 1116 374 onr-

145 417 192 480 nis
206 414 398 502 singulorum
408 417 570 482 verborum
582 417 675 483 virtus
687 427 782 498 utque
796 415 862 480 lsos
877 415 973 480 tribus
987 414 1116 480 exsistet
1204 475 1205 492 ,

67 575 76 590 .
144 541 183 584 er
199 519 309 586 rebus:
330 522 356 584 si
370 532 424 586 unt
439 532 592 586 vetustum
608 519 734 584 terbum
750 520 799 596 sit,
813 520 908 603 quod
921 532 1026 584 tumen
1042 539 1116 584 con·
1204 519 1205 526 ’

144 623 276 688 suetudo
302 623 380 690 ferre
396 625 510 708 possit3
532 636 586 688 sut
610 623 728 688 sectum
744 622 792 687 uel
815 623 1047 708 conjunctione,
1069 622 1115 686 rel
1159 623 1162 630 ⁴

144 728 293 806 novitate,
318 729 427 812 inquo
442 727 517 792 item
538 737 585 792 est
600 725 724 794 auribus
738 727 1016 809 consuetudinique
1032 727 1117 812 [pen
1205 801 1206 814 χ

143 832 312 918 cendum]
329 843 384 897 eut
398 831 592 908 translatum,
612 829 698 914 quod
712 832 857 906 maxime,
880 843 1031 913 tnnqunm
1046 829 1117 896 stel-

143 937 179 1002 lis
193 937 390 1021 quibusdam,
404 946 494 1000 notet
508 946 540 1000 et
554 935 704 1000 illuminet
720 934 915 1000 orationem·

185 1041 331 1122 Sequitur
356 1039 550 1104 continuatio
576 1039 749 1116 verborum,
770 1059 841 1121 quse
856 1040 934 1102 dues
949 1061 997 1102 res
1020 1038 1116 1104 mnri-

49 1174 53 1185 ι
143 1147 204 1220 md,
228 1143 468 1208 collocutionem
495 1144 637 1228 primilm,
662 1142 776 1208 deinde
801 1144 929 1208 mudum
954 1143 1112 1227 quendem
1206 1138 1208 1160 ⁴

143 1248 350 1332 formamque,
361 1248 525 1313 desiderat.
569 1247 793 1330 collocutionis
804 1259 851 1312 est
865 1269 1057 1331 componere
1082 1259 1116 1312 et
1206 1271 1208 1292 ·

142 1365 260 1418 struere
276 1353 369 1418 rerba
380 1353 436 1429 sic,
451 1364 484 1417 ut
500 1373 576 1417 neue
602 1373 694 1436 nsper
715 1371 822 1416 eurum
849 1373 1020 1416 concursus
1036 1373 1115 1416 neve

93 1515 99 1534 ,
144 1457 263 1522 biulcu
274 1457 323 1534 sit,
334 1457 389 1521 sed
401 1456 636 1540 quodammodo
648 1467 929 1540 coagmentatuset
940 1455 1034 1520 laevis.
1078 1455 1116 1520 ln
1208 1501 1209 1504 ,

144 1582 206 1644 quo
217 1559 319 1645 lepide
331 1562 361 1624 in
376 1560 476 1625 soceri
501 1560 710 1644 meipersond
726 1559 795 1624 lusit
810 1560 844 1636 is,
859 1560 910 1643 qui
923 1558 1117 1644 elegantissi-

144 1667 194 1730 me
209 1666 239 1730 id
251 1665 354 1730 secere
370 1666 479 1749 potuit,
492 1664 638 1741 Lucilius,

268 1833 349 1891 Qubus
360 1833 438 1898 lepide
449 1834 527 1883 lexeis
544 1836 683 1898 compostel
702 1840 729 1883 ut
740 1835 864 1884 tenerum
875 1849 959 1886 ornnes

267 1917 325 1965 Arte
332 1918 476 1980 pavimento,
488 1922 559 1980 atquc
571 1917 716 1966 emblemate
727 1917 893 1967 vermiculato.

40 2075 47 2090 ⁵
129 2086 229 2156 'Qun
240 2089 312 2152 cum
326 2085 451 2151 dixisset
461 2086 492 2150 in
515 2085 681 2150 Albucium
706 2083 846 2161 illudens,
872 2103 912 2149 ne
937 2106 958 2150 s
981 2105 1031 2150 me
1046 2085 1120 2166 qui-

143 2193 216 2256 dem
233 2191 397 2256 abstinuit:
585 2183 594 2202 '

266 2361 379 2410 Crassum
391 2359 468 2409 habeo
478 2375 606 2425 generum,
617 2373 648 2407 ne
660 2357 840 2408 rhetoricotero’
852 2364 878 2408 tu
891 2359 931 2407 sis.

143 2499 230 2568 Quid
246 2501 344 2582 ergol
367 2500 423 2563 isto
439 2499 579 2575 Crassus,
591 2497 738 2580 quoniam
754 2499 819 2584 ejus
832 2498 966 2563 abuteris
976 2499 1118 2577 nomine,

143 2603 217 2685 quid
231 2603 349 2668 efficitl
372 2603 454 2667 idern
466 2603 538 2666 illud
554 2603 684 2678 scilicet,
697 2614 731 2665 ut
746 2603 795 2665 ille
810 2602 915 2677 voluit,
930 2614 962 2666 et
980 2624 1040 2686 ego
1053 2604 1118 2667 vel·
1210 2659 1211 2669 ,

142 2707 216 2785 lem,
241 2707 349 2772 meliirs
375 2707 545 2790 aliquanto,
570 2710 662 2791 qudm
690 2705 857 2770 Albucius:
880 2709 985 2770 verum
1008 2708 1037 2769 in
1062 2727 1117 2772 me

142 2813 269 2894 quidem
291 2813 365 2883 lusit,
377 2813 435 2888 ille,
451 2813 585 2877 ut'solet.
630 2812 693 2875 Sed
710 2823 876 2875 esttamen
893 2812 961 2874 lraec
977 2812 1118 2875 collocu-

142 2916 186 2980 tio
198 2918 413 2988 conservanda
428 2917 602 2992 verborum,
623 2917 662 2979 dc
677 2915 738 2999 qud
749 2915 866 2997 loquor,
888 2935 958 2997 qoae
969 2916 1117 3000 junctam

142 3021 316 3083 cretionem
336 3019 441 3096 efficit,
464 3041 534 3103 quae
560 3021 781 3094 cohoerentem,
807 3039 879 3102 quse
903 3021 1016 3093 lenem,
1042 3041 1119 3100 quae

142 3123 332 3204 aequnbiliter
345 3123 502 3188 fluentem.
546 3125 582 3188 ld
595 3123 811 3206 assequemini,
828 3124 851 3185 si
867 3124 961 3188 rerba
974 3135 1119 3189 extrema

141 3247 213 3290 cum
240 3229 501 3310 consequentibus
527 3228 631 3311 primis
652 3227 694 3290 ita
705 3225 853 3311 jungeris,
878 3239 912 3291 ut
937 3249 977 3290 ne
1004 3231 1121 3310 aspere

139 3343 340 3408 concurrunt,
354 3353 430 3396 nove
444 3334 559 3396 vestiris
574 3333 768 3396 diducuntur.

78 3421 81 3428 ⁵
181 3425 300 3499 tutu
319 3437 413 3500 Hanc
425 3437 616 3519 diligentiam
633 3433 828 3516 subsequitur
843 3436 954 3498 modus
969 3414 1065 3498 ctiam
1081 3447 1122 3502 et·

26 3569 28 3572 ·
139 3538 240 3603 formo
253 3540 429 3613 verborum,
450 3541 545 3621 quod,
566 3539 631 3622 jum
648 3557 765 3615 uereor,
791 3561 831 3602 ne
847 3539 918 3606 huic
942 3538 1058 3602 Catulo
1073 3541 1121 3606 vi·

139 3644 250 3710 dentur
266 3663 333 3708 esso
350 3642 474 3728 puerile.
518 3642 632 3707 Versus
648 3641 730 3706 enim
753 3654 872 3708 veteres
888 3642 928 3707 illi
943 3643 973 3707 in
991 3645 1051 3713 unu
1066 3667 1123 3716 scs
1208 3705 1211 3746 ι
