2466 3966
332 153 376 224 aa
400 149 553 203 oaraoan
576 151 676 199 arura
699 152 881 200 sucuuout.
1063 139 1104 200 97

110 315 277 388 meapte
302 296 537 400 primipiorum'
553 316 586 370 et
601 301 818 371 narrationum
834 323 903 368 esse
929 302 1107 376 voluerunt,
1125 337 1126 340 =

111 427 153 470 eu
177 407 208 469 iu
236 408 310 471 totis
335 407 532 472 orationibus
557 419 631 472 sunt
656 407 886 471 conservanda.
932 406 1022 492 Nam
1042 423 1107 487 ego

111 509 189 574 mihi
205 509 396 575 benevolum
406 507 548 596 judicem
562 511 684 575 facilius
702 508 808 574 facere
821 503 953 592 ‘possum
966 507 999 571 in
1014 509 1109 571 cursu
1135 524 1140 532 ·

28 635 34 644 ·
111 612 276 690 orationis,
303 615 396 694 quant
413 617 486 683 crim
502 613 611 680 omnia
626 626 699 699 sum
713 608 878 687 inaudita3
899 609 1038 673 docilem
1054 631 1108 676 au·

110 728 190 793 tent,
205 738 270 781 uon
295 719 367 782 crim
385 717 538 802 poiliceor
552 739 605 784 me
631 703 932 789 demonstraturum,
957 713 1108 788 sedtum,

109 821 186 884 otim
202 820 307 884 doceo
322 832 354 885 et
377 822 535 904 explano;
558 832 716 900 attentatu
733 822 819 892 uero,
845 817 958 882 crebro
974 813 1041 878 tota
1057 835 1110 878 ac·

113 918 201 986 tione
216 922 393 987 excitandis
409 925 566 987 ruentibus
578 924 732 1007 judicum,
749 943 811 984 nou
829 919 929 1003 prima
944 917 1110 983 denuntia·

112 1025 201 1088 tione
227 1023 355 1104 efficere
371 1046 547 1108 possumus.
592 1025 665 1088 Jam
681 1025 757 1088 vero
782 1023 998 1087 narrationem
1024 1019 1110 1104 qutid

109 1127 223 1210 jubent
239 1127 439 1222 verisimilem
465 1150 546 1204 esse,
572 1138 605 1192 et
621 1138 777 1210 apertam,
801 1136 834 1190 et
857 1122 997 1201 brevem,
1023 1125 1110 1188 recta
1170 1119 1185 1128 ⁵

112 1251 172 1294 nos
189 1230 381 1294 admonent:
405 1232 490 1313 quod
508 1232 577 1294 haec
593 1228 782 1302 narrationis
794 1229 899 1312 magis
915 1239 1029 1322 putant
1041 1247 1111 1291 asse

114 1327 253 1414 propria,
279 1333 486 1412 quamtotius
507 1333 670 1409 orationis,
694 1333 787 1396 valde
804 1333 878 1394 mihi
905 1333 1050 1396 videntur
1067 1351 1112 1394 er·

109 1423 203 1499 ¹rure:
230 1430 424 1516 otnninoqtr'e
441 1437 471 1498 in
499 1436 561 1499 hoc
585 1437 688 1498 omnis
704 1447 752 1498 est
776 1457 871 1512 error,
898 1437 983 1518 quod
1010 1434 1113 1497 existi·

114 1549 214 1615 mant,
241 1538 407 1602 artificium
424 1560 494 1602 esse
510 1539 572 1603 hoc
587 1541 749 1619 quoddam
778 1559 842 1602 non
857 1537 1006 1602 dissimile
1019 1547 1113 1600 caete-

114 1663 231 1740 rorum,
246 1642 424 1724 cujusmodi
435 1641 476 1705 de
489 1644 558 1724 ipsu
569 1642 638 1725 jure
655 1641 737 1704 civili
750 1642 898 1705 hesterno
914 1641 964 1705 die
978 1641 1124 1704 Crassus

115 1745 265 1827 componi
281 1767 375 1827 posse
390 1745 539 1809 dicebat:
563 1759 597 1808 ut
609 1767 730 1828 genera
745 1767 846 1826 rerum
864 1747 1000 1830 primum
1016 1755 1111 1829 expo·

115 1859 274 1922 narentur,
290 1847 320 1910 in
337 1870 401 1930 quo
418 1847 526 1913 vitium
543 1861 600 1923 est,
616 1849 640 1910 si
656 1871 757 1932 genus
774 1851 871 1914 ullum
893 1848 1112 1933 praetermitta-

115 1965 185 2027 tur3
206 1951 325 2016 deinde
347 1953 542 2036 singulorum
564 1953 716 2037 generum
734 1965 851 2037 partes,
877 1955 908 2016 iu
925 1974 988 2033 quo
1004 1963 1036 2016 et
1058 1953 1112 2016 de·

113 2077 184 2120 esse
200 2053 338 2137 aliquam
355 2069 490 2140 partem,
517 2068 549 2121 et
564 2079 726 2139 superare,
750 2058 938 2120 mendosum
954 2066 1020 2119 est:
1044 2066 1112 2117 tum

114 2160 281 2223 verborum
299 2161 442 2224 omnium
466 2160 678 2236 definitiones,
701 2161 733 2223 in
749 2160 861 2242 quibus
877 2180 982 2242 neque
999 2158 1111 2222 abesse

113 2265 288 2344 quidquam
304 2263 409 2338 decet,
432 2285 537 2344 neque
553 2265 741 2328 redundare.

157 2367 230 2431 XX.
256 2367 322 2430 Sed
339 2369 401 2442 hoc
424 2368 496 2432 siin
519 2369 589 2453 jure
609 2366 701 2442 civili,
728 2368 752 2431 si
768 2368 864 2432 etiam
889 2368 919 2430 in
937 2366 1040 2451 parvis
1057 2376 1112 2430 aut

116 2470 328 2534 mediocribus
344 2455 437 2534 rebus
450 2473 610 2536 doctiores
626 2473 751 2554 assequi
768 2483 919 2555 possunt3
941 2493 1005 2534 non
1025 2471 1110 2534 idem

114 2573 228 2650 sentio,
255 2573 343 2636 tanta
370 2574 431 2641 hae
448 2575 478 2638 in
505 2597 550 2651 re,
576 2587 707 2658 tamque
723 2575 888 2651 immensa,
915 2597 1007 2657 posse
1033 2574 1110 2637 fieri.

115 2676 171 2739 Sin
197 2688 304 2740 autem
321 2677 374 2758 qui
390 2677 592 2753 arbitrantur,
615 2681 796 2761 deducendi¹
818 2691 891 2760 sunt
907 2681 948 2760 ad
964 2700 1030 2762 eos,
1056 2677 1110 2758 qui

114 2780 185 2844 haeu
197 2782 334 2845 ducent:
358 2780 465 2844 omnia
478 2781 545 2864 jam
556 2783 715 2864 explicata
728 2795 760 2844 et
774 2782 928 2864 perpolita
941 2802 1110 2861 assequen-

13 2935 14 2940 ,
114 2896 182 2961 tur3
204 2897 277 2948 sunt
293 2885 377 2948 enirn
395 2885 642 2956 innumerabiles
657 2885 698 2946 de
726 2884 773 2946 his
788 2884 882 2946 rebus
901 2883 979 2959 iibri,
1005 2903 1110 2966 neque

115 2988 214 3052 abditi
229 3010 333 3069 neque
349 2986 485 3051 obscuri.
531 2987 596 3048 Sed
614 2987 753 3061 videant,
780 2987 854 3068 quid
872 2987 987 3063 veliut3
1010 2988 1051 3052 ad
1067 2989 1110 3051 lu·

114 3093 308 3167 dendumne‚
324 3112 365 3153 an
377 3092 416 3153 ad
431 3089 639 3174 pugnandum
654 3111 744 3152 arma
756 3090 817 3153 sint
827 3092 968 3154 sumturi.
1014 3091 1110 3155 Aliud

13 3200 16 3212 '
113 3195 198 3260 enim
216 3217 324 3278 pugna
340 3207 372 3258 et
388 3193 485 3270 acies,
508 3194 591 3256 aliud
608 3193 699 3256 ludus
714 3215 911 3276 campusque
934 3206 1042 3262 noster
1057 3197 1112 3260 de·

113 3299 240 3364 uiderat.
285 3299 438 3362 Attamen
456 3319 505 3362 ars
527 3298 595 3380 ipsa
611 3296 732 3362 ludicra
758 3319 918 3362 armorum
935 3309 968 3362 et
989 3301 1111 3383 gladia·

114 3401 174 3467 tori
192 3411 225 3466 et
241 3399 329 3462 militi
345 3403 473 3482 prodest
490 3401 630 3483 aliquid:
652 3402 709 3464 sed
733 3401 857 3464 unimus
884 3423 959 3467 acer
985 3415 1017 3467 et
1033 3426 1110 3487 prae·

113 3527 196 3582 sens,
211 3514 244 3568 et
260 3513 372 3566 acutus
387 3504 472 3567 idern
485 3515 582 3586 atque
597 3518 750 3582 versutus,
761 3503 894 3568 invictos
910 3507 990 3572 viros
1002 3491 1110 3584 efficit,

113 3631 178 3676 non
195 3605 352 3674 difficilius
368 3617 435 3672 arte
450 3607 631 3691 conjuncta.

623 3719 641 3774 9
