2400 3980
193 179 196 188 ι
264 141 273 160 ’
316 157 362 203 ne
382 155 535 202 ostronu
556 155 653 202 urm
670 157 801 202 seruus.
1018 143 1059 201 ³⁶

13 293 14 312 ¹
62 301 226 370 ntlomnes
254 311 390 370 moueat
406 313 501 386 atque
516 301 681 369 delectetl
725 303 915 386 Itsquelroc
937 303 1060 392 jamdiu

60 421 102 474 est
117 417 330 486 consecutus,
346 415 393 483 ut,
419 403 449 470 in
466 425 529 488 quo
545 403 676 488 quisquo
693 403 826 470 artifieio
841 407 1021 485 excelleret,
1035 406 1060 472 ir

55 511 169 615 ,influo
199 527 322 612 genepe
352 505 488 572 Roscius
514 505 680 574 diceretur.
727 507 823 572 Hono
849 529 911 592 ego
935 508 1059 576 obsolu-

13 621 15 630 ’
59 592 496 696 tioltmri‘irdilc'c‘tlonemque
512 608 543 676 in
556 619 682 676 oratore
696 608 891 685 desiderans,
908 631 926 674 ιι
943 611 1002 691 qud
1016 611 1060 696 ip·

57 735 89 780 se
115 713 219 798 longd
249 711 373 789 absum,
388 710 473 777 facio
488 710 705 796 impudenter:
729 710 803 777 milri
830 711 913 776 enim
930 711 1002 776 volo
1017 713 1060 798 ig·

59 815 159 894 nosci,
175 814 305 881 coeteris
321 813 388 899 ipre
404 835 468 878 non
495 813 637 899 ignosco.
683 815 768 880 Nstn
796 814 927 898 quinon
945 824 1060 899 potest,

59 919 109 1002 qui
137 915 252 982 vitiose
280 915 368 994 lecit,
394 935 489 999 quem
507 917 653 999 'denique
680 937 743 982 non
770 918 876 994 decet,
903 917 987 982 hunc
1011 915 1060 998 (ut

59 1017 251 1106 Apollonius
262 1017 411 1104 jubebat)
429 1017 469 1083 ed
486 1017 528 1096 id,
542 1018 629 1101 quod
646 1017 752 1084 iacere
768 1019 876 1104 possit,
892 1018 1060 1085 detruden-

59 1123 240 1207 dumputo.

100 1221 229 1290 XXIX.
254 1223 342 1288 Num
357 1233 391 1289 tu
407 1223 510 1310 igitur,
523 1223 621 1308 inquit
638 1225 805 1308 Sulpicius,
831 1246 892 1304 me,
908 1238 962 1293 aut
975 1227 1059 1292 lruno

60 1328 206 1404 Cottam,
212 1325 263 1411 jus
277 1325 378 1404 civile,
391 1337 445 1392 eut
457 1345 523 1393 rem
539 1325 705 1392 militarem
714 1327 806 1413 jubes
819 1327 961 1393 discerel
985 1347 1060 1394 nem

61 1429 127 1514 quis
144 1429 187 1494 od
205 1427 267 1493 istu
282 1447 416 1506 summo,
433 1439 529 1511 atque
541 1427 572 1493 in
589 1428 676 1492 omni
702 1449 819 1512 genere
836 1429 988 1510 perlecto,
1005 1449 1058 1512 po·

61 1545 120 1600 test
148 1531 340 1618 pervenirel
376 1531 461 1596 Tum
485 1529 546 1608 ille,
575 1549 638 1615 ego
662 1550 747 1605 vero,
774 1529 882 1611 inquit,
913 1529 997 1612 qudd
1028 1529 1058 1594 in

61 1635 149 1700 robis
165 1632 334 1719 egregium
353 1633 516 1716 quandum
532 1653 571 1698 nc
587 1631 774 1717 praeclsrsm
800 1630 940 1697 indolem
955 1631 997 1697 sd
1013 1631 1058 1698 di·

59 1737 200 1804 cendum
216 1756 287 1801 esse
303 1733 451 1820 cognovi,
478 1733 597 1801 idcirco
614 1735 682 1800 hoec
698 1733 829 1820 exposui
845 1734 973 1800 omnis:
997 1755 1057 1800 nec

60 1839 164 1926 magis
193 1839 234 1902 nd
251 1857 307 1902 eos
332 1837 550 1914 deterrendos,
577 1837 709 1920 quinon
738 1849 877 1921 possent,
905 1838 1000 1920 quim
1016 1837 1057 1901 sd

60 1963 124 2020 vos,
152 1939 207 2024 qui
223 1940 369 2025 possetis,
384 1940 597 2017 exacuendos,
613 1939 856 2005 accommodavi
880 1938 1058 2004 orationem

63 2061 191 2110 mecm:
215 2053 248 2108 et
264 2060 446 2125 quenquam
471 2041 502 2106 in
518 2054 651 2124 utroque
667 2041 804 2106 vestrim
819 2059 974 2106 summum
990 2060 1059 2105 esse

61 2147 226 2234 ingenium
243 2143 442 2228 studiumque
459 2143 614 2228 perspexi,
635 2155 742 2208 tumen
760 2143 839 2219 heic,
854 2162 925 2223 quae
940 2152 1012 2206 sunt
1028 2140 1058 2206 in

60 2248 169 2334 specie
187 2245 302 2333 posito,
329 2247 370 2312 de
386 2245 497 2328 quibus
515 2245 602 2329 plura
618 2245 751 2309 fortusse
767 2243 831 2307 dixi
846 2244 941 2324 quim
957 2241 1060 2306 solent

63 2349 172 2418 Groeci
184 2349 304 2426 dicere,
319 2347 349 2412 in
361 2360 403 2426 te,
417 2345 548 2433 Sulpici,
560 2345 757 2412 divinarunt.
788 2344 859 2432 Ego
869 2345 953 2410 enim
963 2343 1060 2411 nemi·

61 2447 1060 2537 nem,necmotucorporis,nequeipsohubituetquclormiep·

61 2557 257 2635 tiorem,neo
268 2575 347 2620 voce
358 2553 531 2640 pleniorem
543 2551 879 2631 autsusviorcm,mihi
891 2551 997 2619 videor
1008 2571 1059 2616 su·

61 2661 163 2737 dlsser
186 2677 258 2742 quoe
268 2655 379 2740 quibu
396 2655 533 2721 ansturd
542 2655 665 2721 minore
677 2655 751 2720 dots
766 2665 849 2732 sunt,
861 2666 968 2720 tomen
985 2653 1059 2718 illud

64 2761 190 2846 assequi
207 2771 349 2846 possunt,
373 2757 466 2836 utils,
481 2777 552 2841 quoe
568 2757 719 2835 hsbennt,
735 2756 859 2822 modice
872 2765 904 2820 et
924 2755 1060 2821 scienter

64 2862 516 2942 uterrtur,etutnededeccotr
547 2857 875 2924 idenimestmoxime
886 2855 1060 2934 nitendum,

64 2971 143 3038 etde
155 2969 217 3034 lroc
228 2987 292 3032 uno
303 2963 429 3030 minime
440 2973 488 3029 est
499 2961 592 3027 locilo
604 2959 855 3045 praeoiperemon
868 2957 943 3024 milri
952 2957 1060 3035 modd,

65 3071 116 3154 qui
142 3069 226 3138 sicut
253 3089 332 3134 unus
349 3061 586 3152 poterlemilins,
610 3061 658 3128 his
683 3063 725 3128 de
749 3061 841 3128 rebus
857 3063 978 3146 loquor,
1003 3061 1059 3128 sed

65 3175 163 3242 stiam
180 3171 238 3258 ipsi
254 3171 296 3236 illi
322 3168 457 3245 Roscio,
479 3185 574 3249 qucm
600 3167 684 3250 scope
701 3163 795 3230 audio
821 3165 938 3242 dicere,
962 3172 1061 3249 ceput

65 3299 134 3346 esse
151 3275 226 3342 ertis
242 3273 376 3340 decere:
399 3269 483 3353 quod
501 3280 609 3334 temen
625 3287 722 3333 unum
739 3265 768 3332 id
782 3288 862 3346 erse,
877 3266 961 3350 quod
977 3265 1060 3332 tradi

67 3391 133 3446 crte
150 3397 214 3443 non
231 3375 339 3462 possit.
384 3371 461 3448 Sed,
479 3371 505 3436 si
522 3369 637 3455 placet,
665 3389 844 3436 sermonem
871 3369 934 3434 olid
960 3377 1060 3435 trans·
1100 3435 1122 3452 ,,

67 3483 215 3557 ieramus,
239 3487 272 3543 et
288 3485 395 3542 nostro
422 3493 510 3538 more
527 3471 709 3555 aliquando,
733 3491 796 3538 non
824 3468 992 3548 rhetorico,
1017 3469 1059 3535 lo·

68 3603 208 3668 quomur.
