2400 3980
357 215 401 262 ult
420 212 691 262 carrona-ursan
718 215 899 264 ssusuunus.
941 268 943 272 ,
1088 205 1133 262 77Ὶ

3 277 8 472 l
125 358 233 428 lli.
257 362 330 426 Nec
345 364 420 426 rard
433 373 475 438 te,
489 364 651 428 carissime
664 349 1127 447 irataratqaecptime,rlreto·

69 463 204 592 &riuis
217 481 304 546 nuno
319 463 510 551 quibusdum
525 463 621 559 libris,
645 483 728 547 quos
747 476 781 529 tu
796 477 937 549 agrestes
953 477 1057 550 putas,
1082 467 1127 530 in·

69 519 297 646 'st‘sillllbrut
317 552 486 630 emiliani·
508 566 591 648 quid
601 567 687 630 enim
710 567 764 632 tuci
779 577 885 651 potest
899 568 1054 635 oratioue
1063 579 1134 658 ppt
1146 597 1196 664 ι

102 695 105 710 =
132 668 275 732 subtilius
291 679 346 731 sut
359 668 504 734 ornatius
517 669 608 734 escol
632 671 687 735 sed
704 687 898 752 quanquam,
918 669 993 732 slva
990 630 1150 752 iudicio,

133 781 168 834 ut
182 770 270 838 soleo
285 769 432 846 dicere,
430 772 505 847 sive,
526 781 561 834 ut
576 771 627 836 ille
643 784 734 856 pater
748 771 939 852 eloquentum
957 771 998 834 de
1013 791 1047 833 se
1063 771 1128 834 lso·

134 881 238 936 crates
262 871 385 954 scripsit
400 871 479 957 ipse,
505 873 626 955 pudore
642 895 662 937 s
677 875 816 938 dicendo
841 884 874 937 et
901 873 1069 936 timiditate
1085 873 1128 936 iu-

93 982 98 987 “
133 973 239 1054 genua
255 973 393 1053 quddam
415 973 566 1057 refugisti,
580 974 655 1050 sive,
671 986 706 1038 ut
727 976 796 1058 ipse
806 974 908 1059 jocari
921 974 1017 1051 soles,
1031 988 1129 1036 unum

135 1073 342 1154 patuerimus
358 1095 503 1138 essenon
517 1076 613 1138 modu
629 1076 661 1138 in
676 1076 872 1140 unt-familia
887 1077 1057 1151 rhetorem,
1072 1075 1128 1137 scd
1195 1123 1196 1130 ι

111 1195 227 1257 ,prono
243 1177 273 1238 in
301 1177 367 1240 tota
383 1178 531 1252 civitate,
553 1197 617 1240 non
645 1188 753 1242 tamen
781 1177 915 1240 arbitror
930 1177 987 1241 tibi
1013 1178 1071 1240 hos
1097 1175 1130 1238 li·

135 1277 231 1340 brus
224 1299 255 1339 m
272 1299 311 1341 on
327 1279 393 1342 fore
409 1299 537 1361 genere,
558 1280 642 1360 quod
659 1280 773 1365 meritd
789 1290 917 1376 propter
939 1296 1061 1354 eorum,
1077 1278 1131 1358 qui

136 1380 176 1444 de
192 1381 319 1443 dicendi
335 1382 457 1444 ratione
473 1381 681 1462 disputarunt,
693 1361 1066 1463 jejunitatem-'bonarum
1085 1399 1131 1442 ar·

137 1481 225 1557 tium,
250 1483 347 1564 possit
364 1482 457 1548 illudi.
503 1480 588 1544 Nihil
605 1482 691 1544 enim
706 1481 781 1542 mihi
756 1480 924 1598 puidam
950 1475 1106 1543 videtur
1099 1501 1130 1543 m

138 1583 243 1646 Crassi
260 1594 291 1646 et
307 1584 439 1646 Antonii
461 1603 607 1659 sermone
611 1603 773 1684 pase
708 1551 775 1680 pig
775 1561 913 1662 teritum,
926 1582 1036 1681 quod
1047 1581 1154 1702 (ιιιιιιί

137 1703 233 1767 quam
244 1687 374 1750 summis
387 1685 531 1769 ingeniis,
542 1677 702 1750 acerrimis
714 1684 834 1760 studiis,
846 1677 966 1766 optiiua
977 1665 1132 1757 doctrina,
1158 1669 1167 1689 χ

138 1788 276 1850 maximo
291 1807 359 1862 usu,
375 1789 527 1871 cognosci
552 1807 591 1851 ac
608 1787 728 1870 percipi
744 1788 884 1869 potuisse
909 1787 1130 1850 arbitraretur:

137 1891 223 1972 quod
241 1902 274 1952 tu
289 1890 436 1954 facillime
453 1890 570 1972 poteris
581 1891 737 1972 judicare,
754 1891 806 1970 qui
823 1889 1025 1972 prudentiam
1040 1887 1132 1952 ratiu-

139 2009 276 2072 nemque
292 1991 419 2054 dicendi
433 2013 489 2073 per
505 2004 535 2054 tc
553 1993 770 2073 ipsum,usum
788 2001 895 2054 nutem
912 2009 968 2072 per
983 2011 1052 2065 nos,
1064 2006 1132 2071 per·

124 2093 245 2176 cipere
262 2093 395 2156 voluisti.
441 2094 517 2168 Sed,
533 2094 596 2172 qud
611 2093 702 2155 citius
729 2091 801 2164 hnc,
825 2092 909 2170 quod
925 2092 1133 2172 suscepimus,

137 2215 203 2258 nou
221 2195 382 2260 mediocre
409 2214 532 2268 munus,
554 2194 714 2256 conficere
733 2191 901 2274 possimus,
922 2188 1037 2255 omissa
1063 2185 1133 2254 ites-

141 2295 187 2358 tri
204 2294 438 2368 adhortatione,
465 2295 504 2356 ad
521 2313 641 2368 eorum,
667 2313 746 2375 quos
762 2291 992 2376 proposuimus,
1017 2310 1134 2354 serato·

91 2409 98 2422 “
139 2417 214 2461 nem
228 2398 541 2480 disputationemque
557 2396 729 2459 veniamus.

160 2525 163 2532 ⁴
183 2499 315 2562 Postero
331 2499 424 2582 igitur
440 2497 502 2572 die,
522 2500 617 2578 quam
633 2497 685 2560 illa
699 2508 790 2560 eraut
807 2508 891 2575 apta,
916 2495 993 2577 horsi
1008 2495 1072 2560 feru
1087 2515 1133 2561 se·

140 2601 256 2677 cundi,
280 2605 353 2664 crim
370 2601 550 2663 etiamtum
577 2602 606 2663 in
624 2600 707 2664 lecto
724 2601 855 2663 Crassus
870 2611 965 2674 esset,
991 2611 1024 2664 et
1048 2597 1133 2681 apud

141 2721 215 2766 euru
226 2703 385 2784 Sulpicius
397 2704 533 2778 sederet,
546 2701 703 2766 Antonius
715 2715 822 2766 autem
834 2701 1045 2764 inambularet
1060 2720 1133 2764 cum

142 2805 240 2870 Corra
256 2805 286 2868 in
311 2805 444 2886 porticu,
470 2805 600 2885 reponte
616 2825 655 2866 eo
672 2803 717 2872 Q.
733 2801 878 2892 Catulus·
891 2821 988 2864 senex
1007 2819 1081 2864 cum
1097 2802 1134 2866 C.

133 2907 227 2991 ,Jutio
243 2905 338 2970 fretra
362 2906 455 2968 veuit.
501 2903 599 2972 Quod
616 2903 670 2965 ubi
686 2903 814 2977 audivit,
840 2901 1019 2966 commotus
1045 2903 1137 2966 Cras·

130 2996 195 3074 *sus
210 3008 361 3081 surrssit3
383 3024 558 3085 omnesque
574 3003 731 3078 admirati,
746 3004 898 3087 majorem
915 3003 1054 3084 aliquam
1066 3025 1135 3068 esse

144 3130 276 3176 oausam
291 3129 402 3174 eorum
418 3107 571 3172 adventus
586 3104 738 3187 suspicati
752 3117 833 3170 sunt.
878 3107 945 3176 Qui
960 3111 1035 3178 curn
1055 3108 1136 3172 inter

28 3209 34 3222 '
145 3233 190 3288 se,
212 3224 247 3276 ut
261 3212 401 3296 ipsarum
416 3229 489 3272 usus
504 3209 637 3283 ferebat,
663 3208 851 3272 amicissimo
866 3209 1136 3274 consalatdssent:

147 3315 236 3383 Quid
251 3333 308 3378 roa
324 3312 476 3377 taudeml
501 3311 644 3384 Crassus,
659 3328 736 3372 num
746 3309 910 3392 quidnam,
923 3309 1035 3391 inquit,
1045 3311 1137 3374 noril

148 3416 234 3480 Nihil
248 3418 337 3491 sane,
352 3415 452 3495 iuquit
467 3414 618 3478 Catulus:
641 3412 760 3476 etenim
770 3413 856 3476 vides
867 3433 936 3476 osse
948 3413 1060 3485 ludos:
1082 3413 1138 3474 sed

147 3517 212 3595 (vel
229 3529 263 3580 tu
277 3537 335 3580 nos
350 3515 476 3598 ineptos
491 3516 576 3590 licet,
591 3514 701 3596 inquit,
715 3513 763 3576 vel
780 3513 930 3576 molestos
943 3516 1050 3594 putes)
1064 3516 1139 3574 edm

149 3620 191 3683 cd
207 3639 260 3682 me
274 3618 306 3682 in
322 3615 541 3680 Tusculanum
567 3616 634 3679 heri
657 3615 780 3699 vesperi
802 3614 939 3684 venisset
964 3614 1073 3675 Cacsar
1098 3614 1140 3676 de

614 3715 654 3778 7*
765 3727 768 3735 “
