2466 3966
316 127 360 168 os
385 102 537 168 onaroa'a
562 127 660 170 urana
685 129 865 175 suesanus.
1052 116 1093 176 95

95 271 223 346 animis,
238 281 375 346 tautum,
402 283 556 352 quantum
572 269 636 352 ipsi¹
647 271 861 353 patiebantur,
876 275 1059 358 accepimus
1070 278 1093 359 ς)
1131 263 1134 268 ’

95 374 150 436 sed
166 385 280 436 tamen
293 372 355 434 iste
371 384 435 446 tua,
452 372 570 434 nullum
582 373 624 434 ad
639 393 730 434 usum
747 393 866 452 meum,
878 387 1002 440 tanturn
1019 399 1094 462 cog·

95 474 254 538 noscendi
270 472 374 536 studio
401 475 558 536 adauctu·
574 474 708 555 requiro.
753 474 826 538 Nee
849 477 924 562 mibi
951 499 1030 561 opus
1045 491 1094 544 est

96 576 216 638 Graeco
233 575 341 656 aliquo
353 576 497 650 doctore,
512 574 567 657 qui
577 573 652 638 mihi
664 575 850 659 pervulgata
866 592 1027 662 proecepta
1040 583 1093 646 de·

95 689 219 752 cantet,
235 681 308 740 crim
326 677 392 759 ipse
408 697 572 758 nunquam
597 677 711 752 sorum,
725 699 887 759 nunquam
904 680 1000 743 ullum
1012 683 1094 764 judi·

21 811 22 818 ¹
97 779 183 844 cium
203 779 401 860 adspexerit:
425 789 459 840 ut
476 777 702 860 peripateticus
718 780 769 842 ille
792 781 905 844 dicitur
925 782 1094 858 Phormio,

97 885 173 945 cirm
191 879 355 954 Hannibal
373 879 574 962 Karthagine
587 881 735 964 expulsus
751 881 913 966 Ephesum
927 885 967 948 ad
984 884 1093 948 Antio·

96 985 195 1046 chum
209 983 346 1045 venisset
357 981 455 1056 exsul,
476 1003 597 1064 proque
613 1003 663 1056 ee,
687 984 774 1064 qued
790 986 855 1069 ejus
881 1007 1000 1050 nomen
1013 998 1093 1051 'erat

98 1083 219 1168 magna
237 1084 321 1166 apud
338 1103 449 1146 omnes
472 1082 582 1165 gloria,
597 1083 745 1148 invitetur
762 1089 898 1151 essetab
917 1089 1094 1172 hospitibus

20 1215 21 1268 3
96 1187 170 1262 suis,
186 1196 221 1247 ut
248 1206 333 1259 eum,
356 1204 449 1266 quem
477 1183 553 1260 diri,
579 1185 604 1246 si
619 1185 723 1262 vellet,
746 1177 884 1264 audiret,
907 1193 1043 1271 cumque
1058 1211 1092 1256 se

20 1315 21 1324 ¹
97 1309 162 1351 non
179 1287 265 1363 nolle
281 1287 425 1362 dixisset3
450 1286 574 1349 loeutus
601 1309 669 1351 erse
686 1289 799 1379 (licitur
824 1290 920 1354 homo
944 1295 1093 1378 copiosus

98 1392 221 1472 aliquot
237 1390 331 1452 horas
344 1391 384 1452 de
400 1389 600 1471 imperatoris
616 1388 733 1463 officio,
760 1402 792 1452 et
813 1393 852 1454 de
869 1395 955 1455 omni
971 1416 1004 1458 re
1017 1397 1093 1458 mili·

98 1495 168 1557 teri.
203 1492 300 1566 Tum,
316 1495 390 1554 cum
405 1491 523 1565 caetcri,
535 1489 589 1570 qui
602 1490 686 1552 illum
700 1490 878 1568 audierant,
888 1495 1092 1560 vehementer
1110 1551 1118 1562 .

98 1604 206 1660 essent
221 1593 384 1668 delectati,
396 1591 583 1675 quaerebant
594 1591 635 1654 ab
648 1591 841 1670 Hannibale,
856 1596 1009 1678 quidnam
1026 1597 1093 1682 ipse

97 1699 138 1761 de
156 1697 208 1760 illo
221 1695 409 1778 philosopho
415 1695 582 1779 judicaret.
628 1696 745 1760 Poenus
761 1719 824 1762 non
838 1701 957 1782 optime
969 1701 1094 1778 Graece,

97 1802 154 1866 sed
172 1811 280 1862 tamen
306 1799 403 1862 libere
429 1800 629 1882 respondisse
655 1799 760 1876 sertui,
788 1801 902 1866 multos
928 1825 962 1867 se
978 1805 1092 1868 deliros

97 1925 192 1967 senes
216 1905 301 1984 saepe
313 1901 440 1976 vidisse3
462 1902 529 1977 sed,
545 1905 597 1981 qui
613 1903 717 1986 magis
733 1905 829 1983 quam
851 1904 1001 1968 Phormio
1017 1906 1092 1970 deli-

98 2016 194 2080 raret,
223 2005 337 2067 vidisse
368 2001 538 2066 neminem.
594 2003 721 2084 Neque,
751 2005 944 2080 mehercule,
972 2007 1090 2090 injuria.

98 2107 188 2176 Quid
218 2105 303 2167 enim
327 2114 382 2168 aut
407 2104 605 2186 arrogantius
632 2115 687 2166 aut
713 2105 876 2185 loquacius
896 2107 962 2168 lieri
978 2107 1091 2189 potuit,

97 2211 195 2290 quarn
212 2205 397 2280 Hannibali,
420 2207 471 2286 qui
488 2218 535 2268 tot
561 2225 662 2267 annos
677 2206 718 2267 de
733 2206 953 2287 imperio-cum
972 2208 1090 2290 populo
1143 2258 1149 2265 ,

99 2313 252 2374 Romano
268 2309 408 2371 omnium
436 2307 578 2389 gentium
607 2307 725 2369 victore
751 2306 913 2383 certasset,
940 2309 1090 2372 Graecum

98 2410 272 2486 homiuem,
297 2411 348 2490 qui
365 2429 525 2490 nunquam
544 2409 678 2483 hostem,
700 2429 865 2492 nunquam
880 2422 986 2474 castra
1001 2409 1091 2476 vidis·

97 2527 158 2589 set,
183 2533 345 2592 nunquam
362 2512 499 2594 denique
526 2511 688 2573 minimam
716 2524 839 2594 partem
856 2513 946 2578 ullius
972 2514 1091 2597 publici

40 2699 45 2708 .
98 2617 236 2679 muneris
252 2617 417 2697 attigisset,
442 2625 603 2696 praecepta
619 2605 659 2677 de
676 2636 708 2676 re
733 2615 856 2678 militari
872 2616 978 2680 derel]
1016 2617 1091 2680 Hoc

99 2718 176 2782 mihi
192 2717 298 2780 secere
314 2737 425 2780 omnes
441 2717 500 2792 isti,
516 2717 625 2797 quide
647 2730 714 2780 arte
741 2715 867 2778 dicendi
893 2718 1092 2799 praecipiunt,
1200 2743 1203 2751 *

100 2821 261 2884 videntur:
286 2819 372 2901 quod
398 2820 483 2882 enim
510 2820 569 2899 ipsi
593 2819 715 2900 experti
739 2839 802 2881 non
824 2829 907 2891 sunt,
930 2819 960 2879 id
973 2820 1093 2883 docent

99 2935 245 2986 caeteros.
290 2922 356 2985 Sed
373 2923 434 2985 hoc
460 2921 563 2983 mimis
578 2920 711 2982 fortasse
735 2929 852 2995 errant,
866 2919 952 3000 'quod
970 2941 1034 2983 non
1050 2932 1093 2998 te,

100 3039 134 3088 ut
150 3025 379 3100 Hannibalem,
394 3024 448 3086 sed
476 3042 591 3105 pueros
608 3033 663 3084 aut
690 3020 947 3086 adolescentulos
974 3025 1093 3088 docere

101 3143 267 3193 conantur.

144 3231 233 3294 XlX.
259 3231 364 3302 Erras,
391 3228 516 3303 Catule,
541 3225 640 3307 inquit
663 3225 838 3291 Antonius:
861 3250 936 3291 nam
963 3237 1093 3312 egomet

102 3335 131 3396 iu
149 3334 264 3395 multos
286 3333 353 3415 jam
370 3329 576 3394 Phormiones
600 3328 704 3391 incidi.
750 3327 832 3396 (tuis
858 3330 942 3392 enim
959 3341 1007 3392 est
1022 3331 1094 3394 isto·

104 3455 169 3498 rum
187 3435 385 3506 Graecorum,
411 3431 464 3513 qui
479 3451 660 3514 quenquam
687 3430 827 3492 nostrum
851 3420 1025 3512 quidquani
1050 3432 1095 3493 iu·

104 3537 244 3620 telligere
270 3532 459 3596 arbitretur?
482 3535 531 3598 Ac
558 3532 634 3597 mihi
659 3530 789 3613 quidem
816 3553 879 3596 non
899 3535 944 3596 ita
970 3529 1114 3606 molesti
