2396 3978
130 157 191 236 26,
378 169 421 212 ns
445 166 599 210 carrona
624 167 722 208 arasa
747 164 877 207 sarnus.

130 317 297 384 artificium
322 314 420 380 ullum
447 335 517 378 essa
532 297 671 388 dicendi,
686 333 791 395 neque
806 330 992 393 quenquam
1021 329 1127 392 posse,
1190 323 1191 332 ¹

128 419 187 486 uisi
202 420 257 503 qui
272 419 336 494 illa,
350 439 423 500 quoe
436 439 456 480 a
471 416 661 480 doctissimis
677 414 858 478 hominibus
878 413 909 475 in
926 411 1127 495 philosophie

128 524 320 598 dicerentur,
345 519 527 604 cognosset,
553 529 609 582 aut
635 518 748 581 callide
775 527 830 580 aut
849 515 980 598 copiose
1007 515 1125 577 dicere.

128 624 299 708 inquibus
325 624 433 687 dicere
457 621 660 685 Charmadas
684 619 820 695 solebat,
844 617 1007 701 ingenium
1023 598 1126 690 tuum,

129 729 255 804 Crasse,
270 727 476 790 vehementer
491 725 664 798 admirans,
680 744 731 785 me
746 720 806 785 sibi
823 719 1007 805 perfacilem
1022 721 1054 782 in
1070 740 1125 781 au·

125 829 254 905 diendo,
267 839 299 892 te
314 847 553 912 perpugnacem
570 827 601 888 in
616 825 810 914 disputando
821 845 890 886 esse
906 823 1016 886 risum.

167 929 259 994 XXI.
282 930 521 1012 Tumqueego,
547 929 609 992 bac
634 927 748 990 eadem
775 926 926 1010 opinione
953 925 1123 999 adductus,

73 1031 77 1036 ’
124 1055 236 1116 scripsi
251 1033 349 1096 etiarn
365 1032 440 1095 illud
456 1031 617 1113 quodam
609 1050 640 1093 rrr
656 1029 773 1104 libello,
788 1049 841 1111 qur
857 1049 909 1091 me
921 1049 1087 1114 rnrpru
1043 1037 1158 1118 e.nte
1136 1045 1191 1127 p

123 1144 156 1198 et
171 1135 268 1198 inrito
284 1134 411 1210 excidit,
423 1143 456 1198 et
472 1133 615 1216 pervenit
630 1131 660 1194 in
678 1153 791 1194 manus
803 1131 978 1205 bominum,
988 1129 1070 1193 d'er
1037 1151 1122 1193 eros
1190 1169 1191 1214 ,

123 1258 176 1302 me
192 1235 348 1322 eogndsse
370 1235 550 1310 nonnullos,
576 1234 780 1316 eloquentem
805 1233 912 1296 adhnc
940 1233 1120 1298 nerninem:
1190 1231 1191 1248 ²

121 1340 207 1423 quod
233 1361 307 1404 enm
323 1339 505 1403 statuebam
526 1337 689 1412 disertum,
715 1335 768 1417 qui
785 1345 892 1418 posset
906 1335 984 1398 satis
1012 1338 1119 1410 acute,

122 1453 220 1526 utque
235 1442 383 1517 dilucide,
410 1441 494 1524 apud
518 1440 694 1503 mediocres
710 1438 865 1513 homines,
890 1457 929 1500 ex
955 1439 1120 1500 communi

121 1546 261 1628 quddam
288 1544 450 1627 opinione,
475 1542 601 1605 dicere:
625 1540 828 1622 eloquentem
850 1539 1012 1622 rerd,·qui
1029 1541 1119 1603 mira·

123 1647 213 1710 bilius
229 1656 260 1709 et
278 1645 533 1727 magnificentias
546 1665 665 1726 augere
682 1643 788 1725 posset
798 1655 896 1725 atque
907 1665 1032 1718 ornare,
1047 1665 1118 1726 quae

121 1747 226 1822 vellet,
242 1767 418 1827 omnesque
434 1745 576 1807 omnium
590 1766 705 1820 rerum,
721 1766 793 1826 quaa
809 1746 1034 1809 addicendum
1052 1767 1120 1828 per·

121 1849 270 1924 linerent,
295 1848 399 1911 fontes
426 1847 534 1909 animo
561 1869 601 1909 nc
628 1847 780 1910 memorial
805 1849 994 1912 contineret.
1039 1832 1076 1910 ld
1094 1849 1119 1911 si

120 1961 168 2015 est
182 1949 311 2014 difficile
327 1948 430 2025 nobis,
445 1949 596 2031 quiante,
612 1951 707 2030 quam
725 1951 764 2012 ad
781 1950 968 2014 discendum
985 1951 1118 2034 ingressi

109 2075 239 2129 isumus,
250 2053 411 2116 obruimur
425 2051 600 2114 ambitione
615 2065 648 2115 et
663 2052 731 2115 foro
744 2077 752 2128 3
773 2052 812 2114 sit
823 2069 931 2116 tamen
946 2054 976 2115 in
989 2075 1022 2116 re
1036 2056 1119 2136 posi·
1181 2117 1186 2124 ,

83 2164 92 2235 3'
118 2169 186 2222 tum
203 2167 300 2239 atque
316 2154 438 2218 natural.
484 2154 556 2238 Ego
571 2154 668 2228 enim,
694 2167 849 2235 quantum
865 2140 1017 2238 ¹'auguror
1042 2178 1119 2219 con·
1188 2141 1190 2220 ἶ

114 2259 250 2345 jactura,
264 2268 450 2342 quantaque
473 2257 602 2340 ingenia
617 2257 648 2318 in
665 2257 778 2319 nostris
794 2247 974 2320 bominibus
990 2281 1059 2322 esse
1075 2262 1118 2323 vi·

118 2362 191 2438 deo,
208 2383 272 2424 non
285 2361 432 2441 despero,
447 2359 514 2421 fore
531 2357 667 2439 aliquem
685 2359 869 2440 aliquando,
894 2362 947 2442 qui
963 2373 995 2424 et
1010 2363 1117 2424 studio

118 2462 250 2536 acriore,
270 2481 366 2543 quam
383 2480 441 2522 nos
466 2479 574 2522 sumus
590 2473 687 2540 atque
702 2459 828 2537 fuimus,
854 2473 887 2525 et
912 2463 978 2525 otiu
1006 2485 1044 2526 ac
1071 2463 1118 2526 fn·

71 2563 236 2658 cultata
246 2561 389 2626 discendi
406 2561 526 2644 majore
538 2581 576 2625 ac
593 2563 775 2638 maturiore,
790 2563 943 2627 etiabore
960 2577 1057 2647 atque
1070 2566 1116 2628 in·

68 2709 86 2752 ,3
78 2657 237 2728 dustria
252 2663 424 2747 superiore,
436 2665 509 2727 edm
526 2684 560 2727 se
576 2664 617 2726 ad
635 2665 827 2728 audiendum
831 2665 1032 2750 ,legendum
1041 2669 1116 2731 seri·

77 2832 84 2846 .
117 2767 324 2850 bendumque
339 2765 505 2842 dediderit,
517 2767 647 2830 exsistat
663 2767 732 2830 talis
748 2779 864 2845 orator,
885 2770 1012 2852 qualem
1029 2792 1116 2853 quae·

78 2881 85 2902 ¹
119 2872 233 2950 rimus:
256 2871 309 2953 qui
321 2871 391 2954 jure
410 2891 472 2934 non
489 2869 589 2933 solrlm
606 2869 751 2945 disertus,
775 2872 830 2935 sed
847 2873 943 2936 etiarn
960 2873 1116 2955 eloquens

70 2986 98 3040 is
119 2973 182 3037 dici
198 2972 314 3056 possit:
337 2975 391 3056 qui
407 2985 526 3046 tamen,
553 2972 624 3035 med
639 2972 807 3049 sententie,
829 2985 884 3037 aut
900 2971 950 3038 bic
974 2987 1022 3039 est
1043 2975 1113 3061 jam

61 3082 81 3175 ’ἲ
120 3075 263 3150 Crassus,
279 3084 344 3150 aut,
359 3073 384 3136 si
406 3073 476 3155 quis
493 3075 559 3156 pari
573 3075 665 3137 suerit
681 3074 820 3158 ingenio,
846 3075 1000 3159 pluraque
1015 3080 1112 3160 qudm

61 3199 81 3226 '‘-
119 3178 183 3253 bic,
206 3186 240 3240 et
259 3175 404 3252 audierit,
419 3175 624 3252 etlectitarit,
639 3188 672 3240 et
697 3177 866 3260 scripserit,
892 3179 1113 3266 paulumbuio

116 3279 238 3362 aliquid
253 3277 369 3362 poterit
381 3278 509 3342 addere.

109 3379 237 3444 Hoc
251 3379 324 3444 loco
340 3378 510 3462 Sulpicius,
525 3379 702 3463 Insperanti
719 3382 804 3458 mihi,
819 3383 929 3465 inquit,
945 3396 976 3448 et
993 3385 1116 3461 Cottae,

120 3483 176 3548 sed
202 3481 292 3545 valde
308 3482 432 3563 optanti
447 3482 571 3563 utrique
587 3484 740 3560 nostrrlnr,
763 3485 892 3559 cecidit,
918 3499 952 3548 ut
968 3487 997 3549 in
1014 3488 1108 3552 istum
1187 3441 1189 3573 l

119 3603 309 3660 sermonem,
325 3581 449 3658 Crasse,
471 3582 708 3648 delaberemini.
753 3585 855 3649 Nobis
880 3588 963 3651 enim
981 3589 1043 3652 hue
1059 3611 1110 3654 ve·
