2400 3980
133 117 173 174 52
377 133 419 176 us
442 133 591 176 carrona
609 133 712 184 ,orosa
735 133 864 178 rnrrrus.

132 279 225 344 fuisse
240 279 270 344 in
293 281 363 364 jure
377 281 597 346 constituendo
613 283 753 364 putanda
769 295 827 358 est,
852 294 972 365 quanta
997 282 1057 344 fuit
1082 281 1118 345 in

133 383 180 446 his
201 384 304 448 'tantis
337 385 449 469 opibus
480 385 600 468 imperii
634 387 867 468 comparandis.
926 385 1118 469 Percipietis

128 487 228 552 'etiam
244 488 328 553 iliam
344 509 382 552 err
407 488 587 572 cognitione
598 488 674 573 juris
689 481 829 554 iustitiam
845 500 877 553 et
902 489 1117 573 voluptatem,

133 593 229 674 quod,
241 604 394 676 quantum
407 575 604 682 prae'stiterint
620 593 715 656 nostri
728 593 861 678 majores
873 591 1038 676 prudentid
1051 613 1116 656 cae·

134 697 206 761 teris
220 697 377 782 gentibus,
392 708 458 760 tum
481 697 626 764 facillime
652 695 839 781 intelligetis,
853 697 877 760 si
893 717 966 761 cum
987 697 1113 761 illorum
1193 685 1194 688 ¹

134 800 291 886 Lycurgo,
306 812 337 865 et
354 801 511 877 Dracone,
537 813 568 865 et
584 799 703 866 Soio'ne
729 813 851 865 nostras
865 801 951 886 leges
967 801 1114 866 conferre

133 905 300 970 volueritis.
344 897 537 969 ¹incredibile
567 916 614 969 est
639 908 734 982 enim,
760 905 917 988 quamsit
943 925 1038 969 omna
1059 905 1114 988 jus

134 1008 233 1085 civile,
249 1020 360 1092 praeter
376 1011 436 1074 hoc
451 1020 600 1086 nostrum,
617 1007 820 1087 inconditum,
836 1031 874 1074 ac
891 1031 982 1092 paene
998 1009 1123 1072 ridicu·

134 1113 216 1176 lum:
239 1113 279 1176 de
294 1135 358 1196 quo
374 1113 471 1178 muita
486 1113 572 1178 soleo
593 1114 622 1177 in
639 1115 832 1178 sermonibus
852 1113 1041 1196 quotidianis
1065 1113 1112 1177 di·

135 1239 218 1294 cere,
231 1222 304 1284 cdm
321 1219 480 1282 hominum
497 1230 671 1282 nostrorum
696 1207 892 1302 prudedtiam
908 1218 1029 1282 caeteris
1044 1239 1113 1282 om·

136 1322 237 1400 uibus,
251 1334 283 1387 et
298 1323 434 1386 maxime
447 1323 576 1398 Graecis,
591 1334 760 1404 antepono.
805 1322 863 1385 His
878 1343 940 1406 ago
954 1321 1111 1394 decausis

135 1425 286 1503 dixeram,
302 1426 455 1504 Scoevola,
469 1426 515 1503 iis,
537 1426 587 1510 qui
604 1425 734 1509 perfecti
748 1435 887 1491 oratores
902 1445 970 1490 etse
985 1423 1111 1520 veliept,

92 1561 93 1568 ¹
132 1529 208 1614 juris
222 1531 318 1595 civilis
332 1531 544 1616 cognitionem
560 1551 628 1594 esse
643 1529 863 1594 necessariam.

179 1633 277 1698 XLV.
300 1634 372 1698 Jam
386 1635 459 1698 verd
485 1635 632 1717 ipseper
656 1653 725 1697 sese
750 1645 903 1716 quantum
929 1632 1040 1697 afferat
1062 1632 1112 1710 iis,
1168 1689 1172 1696 .

137 1737 230 1820 quisi
245 1749 392 1820 praesunt,
407 1738 545 1828 honoris,
556 1737 676 1828 gratiae,
690 1736 859 1820 dignitatis,
879 1737 948 1819 quis
963 1736 1110 1819 ignorat?

137 1841 261 1924 Itaque,
286 1850 320 1906 ut
335 1841 417 1927 apud
435 1840 564 1904 Graecos
579 1840 675 1903 intimi
689 1838 841 1918 homines,
863 1839 1042 1906 mercedula
1057 1843 1118 1919 ad·¹

138 1945 235 2035 ducti,
252 1945 406 2010 ministros
420 1967 454 2010 sa
469 1944 610 2029 praebent
624 1945 655 2008 in
666 1944 789 2029 judiciis
803 1945 988 2020 oratoribus,
1002 1945 1032 2022 ii,
1057 1946 1110 2027 qui

139 2049 225 2133 apud
246 2048 313 2112 illos
334 2056 509 2135 πραγματικαὶ
532 2053 700 2114 vocantur:
721 2049 776 2126 sic,
800 2049 830 2111 in
854 2048 959 2113 nostrd
983 2049 1110 2112 civitate

77 2163 79 2170 '
139 2155 259 2230 contria,
282 2153 488 2236 amplissimus
509 2141 640 2237 quisque
665 2164 697 2216 et
711 2152 896 2216 clarissimus
911 2153 975 2228 vir3
1000 2160 1035 2214 ut
1049 2150 1110 2228 ille,

139 2257 192 2340 qui
207 2268 333 2342 propter
348 2257 430 2330 banc
440 2257 515 2342 juris
541 2257 636 2322 civilis
651 2257 813 2322 scientiam
829 2257 874 2322 sic
900 2255 1109 2341 appellatusa

140 2381 263 2426 summo
275 2361 369 2444 posta
382 2371 447 2426 est:
522 2349 532 2363 '

310 2521 416 2588 Egregie
428 2523 538 2572 cordatus
548 2521 628 2580 bomo,
639 2528 707 2571 estus
717 2521 798 2572 AElius
809 2522 914 2582 Sextus3

140 2683 291 2767 multique
308 2694 469 2765 praeteres,
483 2683 546 2766 qui,
560 2685 631 2747 crim
647 2683 774 2768 ingenio
796 2683 853 2746 sibi
869 2683 1029 2768 [auctore]
1044 2685 1110 2770 dig·

140 2793 270 2854 nitatem
286 2791 488 2874 peperissent,
507 2787 714 2871 perfecerunt,
733 2800 767 2851 ut
782 2789 812 2850 in
828 2787 1048 2871 respondendo
1069 2789 1109 2854 de

136 2893 215 2977 jure,
230 2892 416 2957 auctoritate
432 2891 499 2975 pitis
511 2890 616 2968 etiam,
629 2893 721 2972 quam
734 2892 801 2975 ipso
813 2891 950 2976 ingenio,
961 2890 1108 2956 valerent.

142 2997 305 3062 Senectuti
321 2998 393 3061 verd
409 2997 606 3061 celebranda
621 3008 652 3061 et
677 2997 836 3072 ornandas,
852 2997 935 3079 quod
953 2992 1109 3060 honestius

141 3112 327 3186 potestesse
350 3099 535 3184 perfugium,
560 3102 652 3182 qudm
665 3100 740 3184 juris
755 3099 994 3183 interpretatio?
1018 3099 1108 3182 Equi·

138 3206 212 3270 dem
224 3203 299 3268 mihi
314 3206 373 3268 boc
386 3204 554 3268 subsidium
565 3205 631 3290 jam
644 3204 684 3268 ab
697 3203 908 3268 adolescenti&
920 3205 1107 3288 comparavi,

141 3329 205 3373 non
220 3308 318 3372 sotum
334 3308 374 3372 ad
389 3328 553 3372 causarum
576 3327 664 3370 usum
679 3307 855 3384 sorensium,
878 3309 932 3372 ssd
959 3307 1107 3373 etiamad
1135 3345 1143 3356 a

140 3413 236 3478 decus
252 3425 344 3495 atque
367 3426 584 3476 ornamentum
598 3411 766 3476 senectutis
779 3439 787 3490 3
812 3426 856 3490 ut,
881 3416 953 3476 crim
968 3433 1019 3477 me
1034 3411 1108 3478 vires

139 3517 239 3600 (quod
253 3517 316 3580 fere
328 3518 395 3602 jam
411 3529 533 3599 tempus
549 3515 711 3598 adventat)
727 3517 862 3584 deficere
874 3517 1053 3601 coepisssnt,
1068 3517 1107 3580 ab

141 3621 306 3688 solitudine
320 3622 448 3686 domum
473 3639 577 3685 meam
602 3617 800 3689 vindicarem.
845 3620 932 3694 Qud
958 3631 1006 3690 est
1028 3619 1107 3688 enim
