2400 3980
335 181 378 224 oa
399 181 547 226 onrroan
570 181 665 225 arnan
688 183 815 229 rnruus.
1039 167 1058 226 ⁷

82 327 138 394 sed
152 327 250 394 etiarn
263 329 497 395 constructione
509 329 692 395 verborum:
714 341 748 397 et
761 351 870 397 omnes
882 295 1057 396 animoruni

84 442 199 509 motus,
215 453 297 516 quos
314 431 474 498 hominurn
499 434 606 518 generi
621 456 722 499 rerum
738 445 850 500 nature
864 435 980 512 tribuit,
1004 455 1057 520 pe·

85 537 167 602 nitus
183 537 412 620 pernoscendi3
432 537 517 620 qued
540 539 639 604 omnis
654 539 698 604 vis
720 539 861 622 ratioque
876 539 1011 615 dicendi,
1025 538 1057 606 io

85 661 207 764 eorun‘q,
221 640 276 739 qqi
291 641 430 766 eudiulrt,
446 643 600 707 mentibus
615 653 670 708 aut
683 643 840 720 sedandis,
855 652 910 709 aut
923 643 1058 708 excitan-

85 745 135 810 dis
150 709 433 829 exnddtnda‘est.
476 747 619 812 Accedat
631 747 743 812 eedem
758 756 883 831 oportet
896 745 983 830 lepos
995 747 1058 828 qui·
1100 771 1104 780 ·

88 851 164 914 daur
179 849 376 933 facetiaeque,
387 861 419 914 et
433 851 564 916 eruditio
578 851 675 960 libqro
689 852 799 937 digna,
810 850 1016 936 celeritasque
1027 859 1068 944 et·

90 953 226 1018 brevitas
242 963 274 1016 et
288 954 497 1037 respondendi
511 965 543 1020 ct
563 940 748 1033 lacessendi,
772 939 875 1021 subtili
893 934 1061 1020 'venusta‘te

90 1069 187 1142 atque
217 1056 393 1122 urbanitate
418 1058 595 1143 conjuncta.
648 1059 803 1125 Tenenda
831 1069 985 1145 praeterea
1012 1068 1060 1124 est

90 1161 192 1226 omnis
208 1161 376 1244 antiquitas
391 1163 666 1248 exemplorumque
680 1165 742 1229 vis:
764 1185 867 1247 neque
878 1164 994 1248 legum,
1006 1171 1060 1226 aut

18 1323 43 1356 *s
84 1265 164 1372 juris
177 1264 275 1350 civilis
288 1265 418 1349 scientia
433 1267 620 1352 negligenda
634 1279 691 1334 est.
734 1268 765 1333 N
768 1289 819 1334 am
835 1268 909 1352 quid
935 1287 996 1352 ego
1020 1266 1061 1330 de

67 1327 398 1476 ·'d⁴ciionqipi{“diura
413 1370 538 1434 dicem?
561 1393 632 1453 quae
647 1383 733 1436 motu
749 1371 897 1455 corporis,
909 1391 979 1455 quae
994 1391 1061 1453 ges*

93 1485 137 1550 tu,
161 1495 233 1558 quae
258 1473 355 1549 vultu,
378 1495 450 1556 quae
475 1474 559 1538 vocis
574 1474 823 1538 conformatione
849 1495 887 1539 oc
912 1473 1062 1538 varietate

93 1578 288 1642 moderanda
301 1587 366 1642 est:
389 1599 461 1660 quae
474 1576 541 1642 sola
553 1599 607 1661 per
619 1600 653 1642 se
667 1578 735 1662 ipso
748 1588 868 1662 quanta
882 1577 931 1655 sit,
945 1576 1063 1642 histrio·

93 1703 168 1746 num
183 1681 258 1746 levis
280 1703 329 1746 ars
344 1692 374 1748 et
401 1703 498 1746 scena
518 1682 676 1748 declarat:
699 1684 728 1748 in
744 1671 805 1768 qud
821 1687 893 1749 crim
908 1703 1017 1748 omnes
1030 1682 1061 1746 iu

92 1786 163 1861 oris,
178 1797 211 1850 et
226 1785 320 1864 vocis,
345 1798 378 1850 et
393 1786 493 1850 moros
509 1787 724 1853 moderatione
739 1787 912 1865 elaborent,
937 1787 1005 1871 quis
1020 1786 1063 1871 ig·

94 1900 194 1966 noret,
214 1890 307 1973 quam
324 1891 416 1974 pauci
431 1891 501 1968 rint,
525 1891 709 1975 fuerintque,
735 1913 813 1975 quos
840 1892 944 1957 animo
971 1909 1062 1974 aequo

94 2006 238 2077 spectare
254 1994 427 2076 possimus?
450 1994 536 2064 Quid
552 1997 657 2060 dicam
672 1997 711 2060 de
724 1997 869 2060 thesauro
885 2015 987 2060 rerum
998 2015 1063 2060 om·

95 2099 191 2174 nium,
203 2097 371 2163 memortat
394 2120 464 2181 quae
476 2099 532 2164 nisi
543 2113 648 2164 custos
660 2100 791 2174 inventis
802 2099 1063 2183 cogitatisquere·
1118 2093 1120 2098 ’

94 2203 151 2266 bus
166 2215 198 2268 et
212 2203 312 2267 verbis
338 2203 533 2279 adhibeatur,
557 2203 766 2287 inteliigimus,
790 2204 908 2277 omnia,
929 2203 1024 2265 etiarn
1037 2203 1063 2264 si

95 2307 331 2391 praeclarissima
344 2307 456 2372 fuerint
470 2308 500 2371 in
512 2317 645 2383 oratore,
657 2307 801 2391 peritura.
845 2303 1063 2376 Quamobrem

95 2412 198 2478 mirari
208 2411 399 2488 desinamus,
411 2431 482 2494 quoe
498 2431 594 2476 causa
608 2411 646 2476 sit
661 2411 873 2495 eloquentium
889 2410 1066 2496 paucitatis,

94 2521 166 2583 crim
182 2539 222 2582 ex
237 2517 272 2580 iis
288 2517 379 2580 rebus
394 2516 541 2582 universis
555 2517 734 2600 eloquentia
749 2528 882 2594 constet,
908 2515 1018 2599 quibus
1033 2517 1064 2580 in

94 2621 223 2706 singulis
237 2618 398 2686 elaborare
413 2641 619 2704 permagnum
644 2632 702 2698 est,
728 2622 948 2704 hortemurque
963 2620 1065 2706 potiris

95 2727 209 2792 liberos
224 2735 357 2800 nostros,
371 2734 575 2808 caeterosque,
590 2746 721 2808 quorum
736 2725 836 2810 gioria
850 2725 939 2789 nobis
954 2735 987 2790 et
999 2724 1066 2810 dig·

95 2831 178 2896 nitas
193 2849 267 2894 care
282 2839 341 2905 eet,
366 2839 400 2892 ut
414 2828 519 2892 animo
534 2829 577 2894 rei
593 2829 839 2914 magnitudinem
855 2829 1066 2912 complectan-

95 2946 156 3011 tur,
175 2953 279 3016 neque
294 2932 330 2996 iis
344 2942 398 2996 aut
412 2932 587 3029 prqeceptis,
602 2945 657 2997 aut
671 2932 835 3018 magistris,
850 2943 903 2997 eut
918 2933 1066 2998 exercito·

97 3038 245 3112 tionibus,
259 3035 370 3119 quibus
385 3047 510 3101 utuntur
525 3057 645 3113 omnes,
663 3038 718 3102 sed
734 3035 800 3102 eliis
814 3036 1011 3121 quibusdam,
1033 3057 1066 3104 se

97 3143 140 3221 id,
155 3141 240 3225 quod
255 3151 415 3224 expetunt,
429 3139 579 3224 consequi
594 3161 685 3224 posse
700 3141 870 3208 confidant.

140 3246 196 3324 VI.
219 3246 268 3310 Ac
283 3243 353 3310 med
367 3245 492 3328 quidem
505 3243 659 3310 sententia
670 3265 764 3310 nemo
780 3247 892 3331 poterit
903 3267 972 3311 ese
981 3246 1067 3312 omni

97 3353 194 3420 laude
208 3349 385 3442 cumulatus
398 3359 512 3427 orator,
527 3349 583 3416 nisi
598 3349 656 3414 erit
669 3348 808 3416 omnium
824 3371 924 3415 rerum
939 3371 1068 3436 magne·

99 3455 169 3524 rodr
192 3466 288 3540 atque
314 3454 424 3518 artium
450 3454 613 3520 scientiam
639 3465 836 3520 consecutus.
880 3455 1005 3519 Etenim
1029 3475 1069 3520 ex

98 3581 202 3630 rerum
218 3557 398 3644 cognitione
412 3558 587 3624 efflorescat
600 3567 632 3623 et
646 3558 800 3624 redundet
813 3569 937 3643 oportet
951 3560 1068 3624 oratict

99 3685 183 3754 quoe,
197 3663 256 3730 nisi
277 3662 385 3747 subest
409 3683 458 3728 rea
483 3662 525 3726 ab
549 3671 674 3751 oratore
697 3672 849 3746 percepta
872 3672 907 3726 et
931 3661 1069 3744 cognita,
