2466 3966
311 134 354 179 on
377 131 531 176 antam
555 130 654 173 arma
677 129 857 174 saburrans.
997 113 1079 170 tte

95 294 201 361 eidem
217 287 396 378 prudentia,
416 295 479 378 quit
494 294 556 372 ille,
577 296 633 359 sed
650 313 725 369 asa,
741 293 772 356 in
795 295 855 358 hoa
872 314 936 357 uno
952 315 1080 380 genere,
1226 273 1228 362 l

96 399 258 481 studiaque
282 419 410 482 majore.
457 397 632 461 Carneadis
652 398 726 461 verti
749 397 794 459 vis
817 397 1007 462 incredibilis
1030 397 1082 462 illa
1226 373 1228 406 r

97 498 228 576 dicendi,
250 510 282 566 et
297 499 443 576 varietas,
466 520 619 583 perquam
639 511 721 564 esset
737 500 1005 582 optarrda‘nobis:
1030 501 1084 583 qui
1227 573 1228 580 ἵ

6 609 7 620 ’
97 602 209 666 nullam
226 623 365 684 unquam
382 602 413 665 in
430 602 486 668 illis
501 602 564 666 suis
576 603 841 687 disputationibus
853 623 919 665 rem
932 602 1085 678 defendit,
1132 647 1135 657 -

6 773 15 798 ι
98 725 189 786 quam
202 725 265 768 non
279 705 437 788 prabeirit3
458 704 577 768 nullam
590 707 798 788 oppugnavit,
813 725 909 786 quam
924 723 987 766 nan
1000 724 1086 767 evar-
1157 735 1171 750 ι
1227 689 1228 694 ¹

98 807 174 871 terit.
219 807 292 870 Sed
302 808 364 870 hoa
377 805 537 891 majus'est
548 809 713 889 quiddam,
728 809 821 888 qubm
836 807 877 870 ab
890 807 935 883 iis,
951 806 1004 889 qui
1016 806 1087 870 haea

100 897 223 972 tradunt
239 920 272 972 et
286 911 415 986 docent,
431 911 655 992 postulandum
672 912 718 974 sit.

141 1009 295 1076 XXXIX.
319 1013 392 1096 Ego
408 1025 526 1088 autem,
545 1013 681 1092 siquem
698 1034 784 1077 nane
810 1012 904 1096 plane
920 1013 1031 1076 rudem
1045 1009 1090 1074 ia·

99 1113 181 1179 stitui
194 1101 418 1203 ad'dicelrdum
434 1116 540 1190 velim,
555 1115 602 1177 his
617 1113 722 1197 potiris
738 1117 864 1179 tradam
880 1115 1012 1179 assiduis
1027 1136 1092 1179 uno

101 1238 195 1299 opere
210 1219 349 1282 eandem
375 1218 524 1281 incudem
545 1218 631 1280 diem
657 1231 849 1298 noctemque
876 1217 1092 1291 tundentibus,

100 1317 152 1398 qui
167 1339 277 1384 omnes
300 1318 500 1382 tenuissimas
516 1319 699 1401 particulas,
725 1332 821 1399 atque
836 1318 946 1382 omnia
962 1317 1102 1398 minima,

102 1441 224 1495 mansa,
240 1433 275 1484 ut
289 1419 612 1484 nutricesinlantibus
628 1419 783 1503 pueris,·in
797 1441 832 1482 os
848 1420 997 1485 inserant.
1036 1419 1093 1482 Sin

6 1565 7 1568 =
101 1523 142 1588 sit
156 1523 191 1598 is,
206 1523 258 1605 qui
274 1534 306 1588 et
321 1521 466 1587 doctrin&
481 1522 555 1584 mihi
570 1521 742 1586 liberaliter
756 1522 926 1597 institutas,
938 1532 970 1585 at
987 1520 1094 1604 aliquo
1153 1507 1156 1522 ’

98 1626 166 1710 jam
182 1625 321 1690 imbutas
336 1646 405 1702 asu,
420 1635 453 1689 et
467 1626 545 1688 satis
561 1625 628 1690 aeri
644 1624 773 1709 ingenio
792 1647 860 1688 esse
877 1623 1042 1699 videatur3
1063 1621 1096 1686 il·

6 1733 7 1798 Τ
102 1729 155 1792 lue
170 1749 243 1792 aum
259 1729 393 1812 rapiam,
408 1727 462 1792 abi
478 1735 541 1792 non
554 1729 685 1818 seclusa·
692 1728 796 1810 aliqua
811 1721 928 1810 asinula
940 1737 1097 1801 teneatur,

7 1880 19 1898 .
104 1831 161 1894 sed
178 1832 262 1894 unde
288 1830 466 1896 universam
482 1832 600 1895 flumen
616 1842 781 1915 erumpat:
804 1831 856 1912 qui
873 1829 915 1892 illi
940 1828 1043 1904 sedes,
1057 1839 1098 1902 ¹et

104 1944 260 2014 tanquam
285 1934 448 1998 domicilia
473 1934 616 1998 omnium
649 1945 909 2016 argumentorum
934 1951 1099 1996 common·

105 2047 195 2113 stret,
217 2048 251 2100 et
265 2057 304 2101 aa
320 2037 455 2100 breviter
470 2036 611 2110 illustret,
633 2035 800 2116 verbisque
825 2035 966 2098 deliniat.
1011 2031 1100 2102 Quid

106 2139 194 2204 enim
205 2149 264 2215 est,
279 2139 309 2202 in
323 2159 386 2220 quo
399 2138 528 2213 haereat,
542 2139 594 2217 qui
609 2138 730 2212 viderit,
742 2157 849 2211 amne,
861 2136 946 2217 qaod
959 2144 1102 2197 sumatur

106 2244 140 2306 in
157 2228 301 2307 oratioa'e
329 2241 439 2303 autad
456 2240 658 2322 probandum
674 2231 785 2303 autad
807 2237 1026 2312 refellendum,
1047 2247 1103 2300 aut

5 2417 9 2429 ,
107 2365 149 2410 ex
164 2344 221 2408 saei
235 2345 317 2407 sarni
340 2344 367 2406 vi
391 2354 488 2424 atque
504 2340 626 2417 natura,
650 2352 706 2404 aat
721 2341 837 2405 assumi
853 2339 949 2404 sorisl
973 2339 1022 2402 Ex
1048 2337 1105 2401 sab

109 2449 151 2524 vi,
177 2450 262 2521 arim,
278 2458 334 2509 aut
349 2441 481 2526 reatinae
496 2445 535 2508 sit
550 2455 629 2519 tota,
655 2453 824 2525 quaeratur,
850 2454 906 2507 aut
932 2463 1004 2526 pars
1028 2441 1105 2528 ejus,
1189 2489 1197 2500 .

111 2559 169 2616 aut
184 2549 376 2614 vocabulum
400 2549 486 2630 qaod
502 2547 631 2623 habeat,
658 2559 712 2610 aut
727 2548 902 2630 quippiam,
928 2565 996 2610 rem
1022 2545 1108 2608 illam

5 2635 7 2702 l
110 2654 200 2738 quod
217 2655 373 2738 attingat:
395 2652 589 2716 extrinsecus
605 2653 812 2727 autemeam
828 2671 878 2725 ea,
894 2667 964 2728 quae
976 2658 1049 2710 sunt
1064 2646 1109 2710 lo·

111 2761 169 2834 ris,
195 2777 299 2838 nequa
315 2756 470 2819 inhaerent
496 2755 526 2816 in
542 2754 587 2817 rei
603 2754 725 2828 natu'rd,
751 2753 952 2833 colliguntur.
998 2748 1033 2811 Si
1060 2769 1109 2811 res

112 2873 187 2926 tota
210 2849 369 2941 ltuoeritur,
395 2857 580 2920 delinitione
601 2856 748 2917 universa
773 2854 817 2915 vis
836 2849 1028 2933 explicanda
1052 2862 1112 2928 est,

5 2981 6 2986 ’
113 2968 183 3030 sic:
199 2963 225 3028 si
236 2963 384 3046 maJestas
397 2975 445 3024 est
458 2957 634 3042 amplitudo
647 2977 686 3018 ae
698 2956 835 3038 dignitas
845 2951 990 3028 civitatis,
1003 2953 1027 3016 is
1040 2973 1113 3017 eam

5 3075 6 3084 ’
116 3067 244 3142 minuit,
270 3065 323 3148 qui
339 3063 511 3136 exercitam
528 3057 670 3122 hostibus
684 3053 793 3147 p'opuli
820 3055 960 3120 Romani
976 3055 1115 3131 tradidit,

117 3193 188 3236 non
204 3169 257 3250 qui
282 3189 368 3242 eum,
393 3164 491 3248 quiid
515 3163 656 3236 lenisset,
681 3159 789 3243 populi
809 3159 949 3223 Romani
965 3159 1116 3242 potestati

117 3272 263 3356 tradidit.
308 3271 364 3334 Sin
377 3279 474 3351 pars,
495 3266 676 3351 partitione,
699 3263 760 3326 hae
778 3264 892 3326 moda:
916 3273 971 3324 aut
993 3263 1118 3326 senatui
1136 3345 1141 3352 ι

119 3376 303 3462 parendam
325 3373 366 3436 de
381 3371 483 3434 salute
500 3367 680 3450 reipublicae
695 3365 763 3442 fait,
782 3376 837 3429 aut
853 3364 936 3427 aliud
952 3363 1133 3438 eonsilium⁸

5 3477 15 3496 ²
119 3477 366 3548 instituendum,
396 3483 451 3536 aut
476 3471 532 3536 aad
557 3482 671 3554 sponte
697 3469 900 3543 faciendum3
934 3467 1018 3531 aliud
1045 3488 1121 3532 con·

121 3583 241 3660 tilium,
255 3577 447 3664 superbum3
468 3593 570 3655 suum,
592 3587 764 3657 arrogans:
786 3571 941 3636 utendum
955 3570 1050 3652 igitur
1064 3567 1122 3632 tait
