2466 3966
51 65 55 76 ·
120 53 180 111 tto
330 41 386 109 'nr
409 63 560 108 oaxrosr
584 62 682 106 cisra
704 61 886 138 ancarana,

116 215 148 280 in
164 213 310 278 Mariano
325 224 416 278 scuto
428 211 599 290 Cimbrico,
610 212 668 277 sub
684 212 715 277 N
718 211 793 290 ovis,
806 211 983 288 distortum,
999 208 1103 298 ejecte

113 318 231 404 tingis,
245 317 354 382 buccis
368 316 551 384 fluentibus:
575 317 651 380 risus
662 327 711 380 eet
722 326 921 380 commotus:
944 315 1019 380 nibil
1030 327 1100 380 tam

119 422 259 486 Manciae
273 419 373 486 simile
385 420 484 485 visam
500 431 565 486 est:
588 432 622 486 ut
633 423 705 484 eum
721 420 797 485 Tito
810 420 946 498 Pinario,
961 433 1104 486 mentum

119 527 150 590 in
167 526 304 590 diceudo
326 525 529 607 intorquenti,
544 537 606 590 tum
621 537 654 588 ut
668 523 795 602 diceret,
821 525 849 589 si
863 524 938 610 quid
958 523 1060 602 uellet,
1074 524 1102 588 si

121 653 228 694 nucem
240 629 409 718 fregisset.
463 629 569 692 Etiam
595 627 658 706 illa,
686 649 757 712 quas
784 628 944 694 minuendi
970 639 1025 692 aut
1049 648 1105 692 au·

122 735 218 821 gendi
233 733 340 811 causei,
366 735 408 797 ad
423 733 639 817 incredibilem
655 733 897 798 admirationem
913 732 1103 798 efferuntur:

121 839 206 904 velut
221 852 265 916 tu,
281 839 405 914 Crasse,
420 838 452 902 in
468 838 634 916 concione,
655 838 701 902 ita
714 837 774 901 sibi
787 837 888 922 meum
901 857 1048 921 magnum
1061 837 1106 901 oi·

120 944 188 1008 deri
203 943 392 1020 Memmium,
411 955 455 1019 ut,
466 943 499 1006 iu
505 944 617 1028 forum
630 941 830 1019 descendens,
845 955 938 1025 caput
950 942 1104 1028 adserui·

122 1071 186 1112 cem
201 1047 297 1113 Fabii
311 1046 491 1112 demitteret.
537 1047 585 1110 Ex
612 1067 806 1131 quogenere
833 1046 928 1110 etiam
945 1047 1021 1110 illud
1046 1058 1106 1124 est,
1132 1093 1135 1098 -

123 1141 208 1237 quod
225 1150 334 1236 Scipio
350 1153 433 1235 apud
450 1151 668 1227 Numantiam,
684 1152 757 1214 cum
768 1150 1020 1216 stomacharetur
1031 1170 1107 1215 cum

124 1257 161 1322 C.
176 1255 319 1350 Metello,
344 1255 457 1320 dixisse
483 1255 606 1332 dicitur,
635 1255 674 1318 Si
693 1255 831 1340 quintum
850 1267 981 1339 pareret
1005 1267 1105 1318 mater

124 1362 200 1446 ejus,
215 1360 449 1445 asinumfuisse
463 1360 652 1444 parituram.
697 1360 820 1444 Arguta
839 1359 935 1424 etiam
950 1358 1106 1444 significa·

124 1466 169 1530 tio
184 1476 242 1541 est,
267 1464 450 1548 ciimparvb
465 1487 509 1541 re,
525 1475 557 1550 et
571 1467 654 1548 saepe
681 1464 788 1541 verbo,
802 1486 851 1528 res
867 1464 1002 1528 obscura
1017 1475 1049 1528 et
1063 1463 1107 1527 la-

125 1583 193 1634 tens
209 1569 395 1645 illustratum
417 1571 538 1632 utcitm
552 1568 588 1631 C.
604 1568 750 1632 Fabricio
767 1568 801 1632 P.
815 1569 988 1645 Cornelius,
1000 1568 1107 1646 homo,

125 1685 159 1738 ut
175 1673 420 1749 existimabatur,
443 1692 553 1736 avarus
569 1683 601 1736 et
616 1672 714 1748 suras,
740 1672 795 1736 sed
811 1673 936 1756 egregie
953 1674 1049 1750 sortis,
1075 1685 1108 1738 et

126 1777 226 1842 bonus
242 1777 423 1861 imperator,
438 1777 691 1860 gratiasageret,
706 1777 791 1858 quod
806 1799 840 1839 se
856 1777 952 1841 homo
963 1776 1109 1842 inimicus
1225 1845 1226 1852 χ

126 1882 288 1948 consulem
303 1881 439 1957 lecisset,
461 1878 543 1944 bello
556 1880 729 1962 praesertim
742 1901 861 1964 magno
873 1890 905 1943 et
920 1879 1026 1966 gravi,
1048 1881 1109 1946 Ni·
1219 1866 1226 1886 ³

126 1990 171 2054 tit
182 2003 236 2066 est,
247 1986 311 2072 quit
322 1985 396 2050 milti
408 1984 534 2068 gratias
550 2006 643 2066 ugus,
659 1984 768 2067 inquit,
782 1985 810 2048 si
824 1985 920 2048 malui
933 1986 1110 2078 compilari,
1226 1973 1227 1980 ἵ

126 2097 216 2181 quim
229 2093 357 2158 venire:
381 2099 415 2153 ut
430 2088 537 2152 Asello
552 2088 729 2165 Africanus,
752 2088 912 2173 objicienti
926 2089 1054 2154 lustrum
1076 2091 1109 2154 il-

127 2201 180 2264 lud
192 2198 307 2274 infelix,
319 2194 408 2271 Noli,
418 2194 527 2276 inquit,
536 2193 662 2257 mirari:
684 2194 712 2258 is
722 2193 810 2270 euim,
826 2194 878 2278 qui
890 2207 919 2257 te
929 2217 970 2258 es
984 2196 1110 2262 cerariis

128 2304 252 2378 emeruit,
277 2301 405 2364 lustrum
420 2297 567 2374 condidit,
593 2311 621 2360 et
641 2310 762 2361 taurum
782 2298 956 2364 immolavit.
1000 2300 1110 2366 Tanta

128 2406 264 2490 suspicio
279 2417 337 2480 est,
355 2413 388 2465 ut
403 2402 558 2484 religione
570 2402 729 2465 civitatem
744 2403 943 2469 obstrinxisse
966 2405 1112 2471 videatur

130 2509 312 2584 Mummius,
327 2507 411 2589 quod
427 2505 568 2570 Asellum
583 2505 754 2590 ignominib
768 2507 884 2574 laverit.

93 2648 99 2674 r
171 2611 303 2678 LXVII.
327 2603 458 2674 Urbana
472 2609 568 2673 etiam
584 2611 789 2676 dissimulatio
808 2624 866 2689 est,
888 2618 961 2678 cirin
982 2615 1051 2679 alia
1065 2617 1112 2680 di-

131 2732 254 2796 cuntur,
267 2740 305 2782 ac
321 2717 447 2792 sentiam,
463 2737 525 2778 non
541 2714 593 2778 illo
603 2737 728 2798 genere,
740 2717 780 2781 de
792 2738 855 2801 quo
868 2722 940 2782 ante
952 2719 1024 2795 dixi,
1036 2723 1110 2786 clim

131 2824 289 2892 contraria
303 2823 401 2899 dicas,
416 2832 450 2886 ut
464 2820 584 2884 Lamiae
601 2820 741 2898 Crassus,
756 2823 811 2886 sed
827 2824 898 2884 can
910 2832 978 2886 toto
993 2844 1111 2907 genere

134 2930 283 2996 orationis
297 2929 402 2992 severe
418 2927 518 3002 ludas,
533 2929 605 2989 cum
619 2925 707 2991 aliter
718 2926 844 3002 sentias,
860 2947 897 2989 ae
909 2925 1053 3008 loquare:
1076 2943 1112 2996 ut

134 3046 239 3098 noster
263 3031 407 3096 Scaevola
426 3030 642 3114 Septumuleio
665 3030 706 3094 illi
721 3029 900 3114 Anagnino,
922 3032 973 3095 cui
995 3053 1052 3116 pro
1073 3035 1130 3108 c„

134 3135 271 3203 Gracchi
287 3134 390 3218 capite
406 3148 473 3198 erat
497 3155 606 3200 aurum
624 3155 802 3219 repensum,
814 3135 955 3218 roganti,
975 3148 1009 3202 ut
1029 3161 1064 3204 se
1079 3141 1112 3205 in

134 3243 244 3308 Asiam
260 3239 442 3325 praefeotum
457 3239 597 3314 duceret,
616 3237 701 3311 Quid
714 3237 770 3302 tibi
783 3237 840 3316 oia,
854 3239 964 3323 inquit,
978 3242 1113 3310 ἰπεαποῖ

136 3360 225 3412 tanta
235 3343 383 3408 malorum
393 3356 438 3406 est
449 3343 609 3408 multitudo
620 3343 740 3420 ciuium,
751 3355 784 3406 ut
796 3342 851 3407 tibi
862 3365 922 3428 ego
934 3347 992 3411 ltoc
1001 3353 1113 3434 confir,

134 3473 221 3528 mem,
236 3449 263 3513 si
275 3447 385 3526 Romae
396 3448 557 3523 manseris,
572 3447 721 3530 tepaucie
732 3447 824 3512 aunis
839 3448 882 3512 od
894 3452 1046 3517 macinas
1054 3477 1112 3538 pe·

135 3555 244 3624 curias
259 3573 324 3620 esre
338 3562 504 3620 ventarum.
548 3551 584 3618 In
600 3551 661 3616 hoc
676 3573 793 3636 genere
808 3546 945 3621 Fannius
962 3556 993 3623 in
1014 3579 1113 3626 aona-
