2400 3980
344 143 815 192 naoasuonsmauxraruus.
933 191 937 206 ,
977 160 980 170 ·
1026 129 1062 184 51

402 228 414 250 ,
1095 232 1099 242 ,

93 294 167 357 rima
180 305 238 370 est,
249 303 282 356 et
297 292 327 355 in
343 293 429 355 omni
440 292 508 376 jure
524 291 614 372 cirili,
629 302 661 356 et
677 291 706 354 in
723 292 906 375 pontificum
921 291 1015 367 libris,
1034 303 1066 354 et
1103 285 1105 351 ἶ

92 399 122 461 in
138 398 202 461 XII
217 396 341 472 tabulis,
365 395 556 478 antiquitatis
580 393 709 480 effigies,
736 395 819 475 quod
843 407 876 458 et
900 396 1065 460 verborum

92 502 192 584 prisca
205 511 343 564 vetustas
354 501 564 584 cognoscitur,
574 511 605 563 et
617 499 775 564 actionum
792 519 910 582 genera
919 500 1064 580 quaedam

93 605 245 688 majorum
268 605 526 668 consuetudinem
542 604 700 686 vitamque
716 602 897 668 declarant:
920 602 983 666 sive
998 603 1066 684 quis

1 775 2 778 ,
93 708 213 772 civilem
230 708 392 772 scientiam
408 707 647 791 contempletur,
662 729 756 788 quam
774 705 918 776 Scaevola
932 727 995 768 non
1012 727 1067 789 pu·

94 824 141 876 tat
156 813 284 877 oratoris
299 833 367 876 esse
382 809 550 896 propriam,
572 813 626 875 sed
642 813 803 897 cujusdam
820 833 857 876 ex
874 810 935 875 alio
949 830 1065 894 genere

95 917 288 1000 prudentiae3
320 927 420 979 totam
447 917 539 992 hanc,
568 916 730 999 descriptis
760 916 904 980 omnibus
933 914 1066 978 ciuitatis

83 1021 275 1084 ’utilitatibus
301 1042 338 1084 ac
360 1020 509 1103 partibus,
531 1019 594 1083 Xll
617 1020 729 1084 tabulis
755 1020 907 1084 contineri
929 1015 1064 1084 videbit:

1 1183 2 1210 ,
94 1125 156 1188 sive
169 1145 265 1208 quem
281 1125 339 1188 ista
355 1136 530 1207 praepoteos
556 1135 588 1214 et
603 1123 738 1208 gloriosa
753 1124 949 1209 philosophia
963 1124 1065 1188 delec-

1 1281 3 1289 ,
93 1239 150 1304 tat,
165 1228 284 1310 (dicam
298 1227 470 1312 audacius)
487 1228 582 1292 hosce
595 1227 723 1291 habebit
737 1228 839 1292 fontes
850 1229 990 1292 omniurn
1005 1228 1065 1293 dis·

1 1363 2 1368 *
93 1331 291 1413 putationum
306 1317 440 1408 suarum,
451 1331 504 1412 qui
514 1332 582 1416 jure
593 1331 673 1394 civili
682 1342 714 1394 et
722 1331 843 1414 legibus
855 1332 1062 1395 continentur.

92 1437 142 1500 Ex
167 1436 214 1499 his
230 1436 313 1498 enim
332 1446 364 1499 et
377 1435 562 1519 dignitatem
588 1434 721 1498 maxime
747 1435 956 1517 expetendam
981 1434 1063 1525 vide·

94 1561 172 1616 mus,
188 1542 260 1602 adm
275 1559 374 1616 verus,
384 1529 494 1624 justus,
509 1548 603 1618 atque
618 1536 767 1602 honestus
781 1537 869 1601 labor
883 1536 1062 1615 honoribus,

9 1673 11 1676 ·
92 1645 238 1729 praemiis,
263 1641 428 1725 splendore
453 1643 638 1718 decoratum
670 1641 744 1704 vitia
768 1653 873 1706 autem
899 1641 1060 1708 hominum

93 1758 188 1830 atque
203 1746 337 1822 fraudes,
351 1745 456 1809 damn'
476 1794 485 1838 ,
509 1726 695 1859 ignrpniniis,
712 1745 850 1824 vinculis,
875 1745 1062 1822 verberibus,

89 1852 215 1927 exsiliis,
229 1861 329 1914 morte
343 1818 420 1912 lh‘irlt
455 1828 541 1913 ‘idl‘r‘
552 1827 748 1916 ‘ertllcemur
762 1860 825 1915 non
840 1851 976 1927 infinitis,
989 1871 1062 1914 coo·

90 1955 363 2034 certationumque
389 1953 487 2035 plenis
501 1951 768 2036 disputationibus,
787 1955 849 2018 sed
865 1955 1061 2034 auctoritate,

1 2105 2 2122 r
92 2069 233 2140 nutuque
248 2055 353 2140 legum
376 2057 514 2142 domitas
527 2056 647 2149 habere
658 2057 809 2132 libidine,
834 2077 981 2120 coercere
996 2059 1061 2118 om-

92 2183 149 2226 nes
164 2138 481 2245 cupiditates,'hostra
503 2151 590 2236 tueri,
602 2159 653 2236 ¹ah
669 2151 775 2223 alienis
790 2169 921 2235 mentes,
942 2157 1060 2232 oculos',

92 2285 206 2328 manus
221 2264 385 2328 abstinere.
1049 2272 1062 2279 “

116 2367 249 2431 ¹XLIV.
272 2367 421 2431 Fremant
447 2388 555 2431 omnes
580 2367 670 2431 licet:
701 2367 805 2431 dicam
831 2367 915 2451 quod
941 2363 1059 2431 sentio:

91 2471 309 2549 bibliothecas,
332 2470 519 2548 mehercule,
544 2472 683 2536 omnium
712 2471 966 2556 philosophorum
981 2491 1060 2534 unus

93 2575 168 2637 milri
184 2575 302 2638 videtur
317 2574 379 2638 Xll
395 2574 568 2638 tabularum
581 2575 710 2651 libellus,
725 2577 749 2640 si
762 2559 831 2659 ¹quis
842 2576 946 2660 legum
958 2573 1060 2638 sontes

91 2688 126 2740 ct
144 2678 249 2762 capita
273 2678 391 2754 viderit,
416 2690 447 2741 et
474 2678 665 2742 auctoritatis
692 2681 839 2763 pondere,
864 2691 897 2742 et
922 2678 1059 2742 utilitatis

93 2781 247 2858 ubertate,
261 2803 416 2865 superare.
460 2782 519 2857 Ac,
540 2781 564 2844 si
579 2785 691 2870 possid
707 2784 790 2866 quod
807 2783 940 2849 maxime
955 2782 1061 2854 debet,

95 2898 200 2952 nostra
215 2887 315 2970 patria
329 2885 484 2962 delectat,
505 2871 598 2970 cuju?
617 2868 764 2952 rhi'tante
777 2898 824 2950 est
839 2867 896 2963 vis,
907 2867 955 2949 ”ac
970 2896 1061 2948 tanta

94 3004 215 3066 natura,
230 3002 263 3053 ut
277 2989 420 3054 Ithacam
434 2989 528 3064 illam,
543 2990 573 3051 in
586 2991 759 3079 asperrimis
771 2991 892 3067 saxulis,
908 3000 1059 3074 tanquam

0 3179 1 3182 Ἴ
95 3095 243 3170 nidulum,
260 3093 395 3169 affixam,
421 3093 663 3178 sapientissimus
678 3096 720 3159 vir
735 3096 959 3160 immortalitati
975 3109 1061 3160 ante·

1 3223 2 3226 ¹
94 3211 243 3280 poneret,
264 3219 326 3279 quo
342 3205 448 3261 amor'e
475 3198 604 3261 tandem
618 3198 801 3266 inflammati
826 3222 893 3264 esse
908 3201 1060 3264 debemus

93 3303 122 3366 in
138 3300 290 3387 ejusmodi
306 3301 448 3383 patriam,
468 3323 539 3384 quae
554 3323 616 3368 una
631 3302 661 3368 in
677 3303 821 3367 omnibus
836 3304 922 3368 terris
948 3305 1060 3378 domus

39 3445 50 3483 ,ᾳ
93 3419 139 3470 est
163 3403 293 3478 virtutis
318 3404 446 3488 imperii,
475 3406 656 3491 dignitatis?
691 3407 785 3490 Cujus
811 3409 943 3490 primhm
971 3408 1060 3472 nobis

1 3491 2 3506 ¹
27 3471 191 3586 ‘⁶'“ffis‚
206 3529 284 3606 mos,
299 3507 470 3592 disciplina,
491 3523 567 3574 nota
581 3533 648 3576 esse
663 3511 774 3586 debett
793 3513 841 3576 vel
857 3512 992 3594 quta'esr
1007 3533 1061 3594 ΡΨ
1120 3596 1123 3602 ·

93 3614 160 3696 tria,
185 3635 300 3705 parens
315 3616 453 3687 omnium
480 3615 628 3693 nostram,
653 3616 700 3684 vel
716 3616 789 3704 quia
804 3627 892 3686 tanta
906 3613 1061 3704 sapientia
