2466 3966
297 121 341 164 nr:
366 121 523 164 ossronn
548 108 649 166 erasa
671 126 853 195 securene.
895 124 898 132 ·
1037 117 1077 172 te
1135 149 1144 160 ι
1202 141 1206 152 ·

68 285 184 330 nomen
197 285 299 330 suum
311 265 458 354 obtinere
468 286 531 330 non
542 277 664 350 potest:
686 270 1079 346 utoaeteri,sidisertisint,

68 369 184 449 aliquid
199 369 247 432 ab
261 368 327 432 hoc
341 368 499 442 habeant3
522 369 584 443 hie,
593 369 651 432 nisi
663 369 847 434 domesticis
855 392 890 436 se
899 371 1080 438 instruxerit

67 471 182 552 copiis,
199 468 338 533 aliunde
354 469 483 532 dicendi
499 470 627 554 copiam
643 481 751 552 petere
767 490 831 534 non
847 473 955 553 possit

25 563 26 610 l
112 572 153 635 Χ.
178 567 275 634 Tum
288 571 434 646 Catulus,
450 571 528 646 Etsi,
540 572 651 653 inquit,
663 572 794 648 Antoni,
805 573 934 636 minime
946 573 1081 658 impedi.

24 628 27 774 l
67 675 174 740 endus
186 685 241 738 est
255 671 513 754 interpellatione
525 673 584 766 iste
596 694 705 738 oureus
715 674 867 738 orationis
876 683 949 750 ture,
960 678 1082 758 patiere

67 789 196 851 taurea,
209 775 355 854 mihique
366 775 523 857 ignosces.
568 774 645 838 Non
655 777 882 858 errimporsam,
892 776 967 860 quin
976 777 1084 842 eaela-

24 925 25 956 ,
68 901 161 954 mem,
178 889 217 940 ut
233 875 280 940 ait
296 876 348 940 ille
364 877 395 939 in
411 877 619 940 Trinummo:
642 877 687 941 ite
697 878 772 942 mihi
787 879 851 942 rim
866 878 999 942 oratoris
1014 888 1082 943 tum

70 982 260 1063 exprimere
276 978 432 1041 subtilite'r
445 979 530 1042 visus
548 1000 593 1053 er,
611 991 678 1042 tum
697 980 829 1044 laudere
847 980 1084 1064 copiosissimer

70 1085 163 1164 quod
186 1081 322 1162 quidem
343 1080 547 1162 eloquentem
565 1081 612 1144 vel
632 1082 751 1163 optime
770 1081 876 1148 facere
894 1095 1032 1168 oportet,
1050 1097 1085 1152 ut

23 1225 26 1262 ,
72 1183 304 1295 eloquentiam
319 1181 350 1249 la
374 1183 444 1244 det:
467 1183 564 1245 debet
579 1204 664 1246 emm
679 1184 721 1246 ad
734 1205 806 1246 eam
819 1185 1048 1261 laudandam
1042 1209 1086 1270 rp·
1177 1173 1182 1184 ⁹

23 1315 24 1340 ι
73 1245 343 1350 samillamadlri
332 1252 665 1374 rqiequemlaudet.
711 1285 775 1348 Sed
787 1307 885 1369 perge
895 1305 1006 1369 porro
1029 1290 1087 1352 tibi

76 1388 167 1452 enim
186 1386 358 1460 assentior,
377 1399 515 1450 restrum
531 1407 600 1450 esse
617 1386 678 1450 hoo
695 1397 809 1475 toturp,
827 1387 942 1451 diserte
960 1389 1087 1463 disere:
1137 1437 1139 1440 -

76 1489 222 1572 idque
198 1511 224 1552 ιι
242 1488 312 1570 quis
329 1488 359 1550 in
376 1487 437 1550 alie
452 1499 520 1551 arte
532 1488 641 1562 saciet,
657 1507 729 1548 eum
744 1479 885 1551 assumto
892 1477 1028 1552 aliunde
1043 1492 1090 1552 uti

78 1593 183 1668 bono,
199 1612 266 1654 non
280 1589 419 1672 proprio,
434 1611 495 1653 neo
507 1612 574 1654 suo.
620 1590 662 1652 Et
675 1590 819 1666 Crassus,
835 1590 909 1654 Nox
921 1602 964 1667 te,
975 1592 1087 1674 inquit,

79 1695 190 1768 nobis,
202 1692 337 1766 Antoni,
349 1692 508 1774 expolivit,
521 1692 746 1774 hominemque
759 1693 910 1758 reddidit:
933 1715 1008 1760 nam
1021 1696 1088 1762 hes·

81 1809 181 1861 terno
195 1815 356 1868 sermone,
377 1795 468 1856 unius
489 1795 655 1877 cujusdam
677 1797 792 1878 operis,
812 1801 846 1860 ut
867 1799 911 1861 eit
932 1798 1088 1874 Coeoilius,

80 1899 244 1982 remigem
273 1897 410 1976 aliquem
428 1909 482 1958 aut
497 1896 648 1980 bajulum,
667 1899 758 1960 nobis
774 1911 933 1962 oratorem
949 1901 1090 1984 descrip-

81 2023 188 2090 seras,
206 2000 335 2082 inopem
358 2000 518 2080 quendam
541 2000 747 2064 humanitatis
769 2011 865 2080 atque
886 1989 1088 2066 inurbanum.

82 2105 176 2166 Turn
188 2100 358 2174 Antonius,
370 2101 450 2163 Heri
461 2100 556 2176 enim,
568 2099 680 2183 inquit,
692 2101 753 2164 hoc
765 2103 838 2164 mihi
849 2122 1090 2183 proposueram,

84 2220 133 2283 ut,
146 2207 173 2269 si
186 2218 218 2269 te
232 2205 425 2278 refellissem,
438 2205 495 2266 hos
506 2225 524 2266 a
535 2214 566 2266 te
577 2203 747 2284 discipulos
758 2201 969 2265 abducerem:
992 2223 1089 2278 nuno,

85 2308 210 2374 Catulo
225 2309 376 2371 audiente
392 2319 424 2368 et
440 2307 580 2381 Caeraro,
594 2306 702 2368 videor
718 2304 835 2367 debere
852 2324 916 2366 non
932 2314 998 2366 tem
1012 2323 1090 2387 pug-

86 2432 170 2475 nare
186 2422 307 2485 tecum,
321 2405 428 2491 quern,
443 2408 517 2488 quid
534 2408 601 2490 ipse
617 2407 764 2483 sentiam,
779 2408 895 2471 dicere.

134 2513 287 2594 Sequitur
310 2513 414 2595 igitur,
439 2511 591 2592 quoniam
604 2511 695 2574 nobis
710 2521 758 2578 est
774 2512 835 2586 hic,
864 2511 905 2577 de
917 2533 982 2599 quo
993 2511 1093 2594 loqui·

88 2637 174 2691 mur,
185 2616 217 2678 in
227 2614 295 2678 foro
306 2626 401 2696 etque
417 2614 448 2677 in
461 2613 560 2678 oeulis
570 2614 685 2678 civium
698 2609 949 2691 constituendus,
962 2626 997 2677 ut
1006 2614 1091 2676 vide·

90 2739 198 2793 emus,
226 2718 301 2805 quid
317 2718 347 2780 ei
363 2717 482 2800 negotii
497 2717 619 2792 demus,
643 2717 757 2798 cuique
783 2738 857 2780 eum
883 2718 1004 2779 muneri
1020 2716 1092 2800 veli·

90 2845 164 2889 mus
177 2817 472 2906 essepraeposi‘tu‘rn.
518 2821 549 2882 N
553 2839 603 2880 am
621 2819 753 2884 Crassus
769 2819 848 2894 heri,
864 2820 937 2880 eum
950 2837 1016 2890 vos,
1032 2816 1094 2878 Ce-

90 2926 160 2992 tule
173 2937 206 2988 et
215 2924 335 3001 Caesar,
350 2945 414 2986 non
426 2922 588 2994 ademeris,
600 2922 705 3001 posuit
717 2920 852 2984 breviter
863 2919 894 2982 in
908 2919 982 2982 artis
991 2912 1092 2984 distri·

92 3029 228 3094 butione
239 3026 336 3102 idern,
347 3026 431 3106 quod
445 3023 550 3086 Graeoi
561 3020 701 3103 plerique
715 3033 906 3106 posuerunt:
929 3043 1034 3105 neque
1045 3043 1094 3086 se·

93 3135 136 3196 ne
152 3130 226 3210 quid
239 3130 307 3213 ipse
317 3127 457 3202 sentiret,
471 3125 527 3190 sed
541 3123 616 3205 quid
629 3125 671 3185 ab
682 3124 741 3186 illis
751 3125 920 3201 diceretur,
934 3125 1094 3190 ostendit:

93 3235 161 3298 duo
178 3231 280 3313 prima
294 3227 634 3315 generequaestionum
647 3245 728 3300 esse,
739 3225 771 3290 in
783 3220 897 3309 quibus
909 3226 1095 3308 eloquentia

94 3343 285 3409 versaretur,
299 3352 397 3395 unum
419 3331 587 3403 inlinitum,
609 3328 745 3419 alterum
761 3340 894 3393 eertum.
933 3327 1096 3392 Infinitum

95 3433 174 3500 milri
186 3435 352 3498 ridebatur
367 3433 398 3495 id
415 3433 532 3507 dicere,
556 3431 587 3494 in
604 3450 668 3514 quo
683 3422 806 3510 aliquid
818 3424 995 3513 generatim
1005 3421 1097 3508 'quel
1151 3415 1156 3423 ’

97 3534 423 3612 metuendorum:
446 3530 989 3614 Expetendaneesseteloquential
1005 3545 1098 3609 espe-

591 3641 609 3694 8
