2466 3966
346 105 389 150 os
405 105 558 150 unisona
576 105 674 148 arnan
690 105 870 151 suounous.
1046 93 1100 150 171
1145 115 1165 136 ·

78 219 81 228 ι
113 249 413 316 commodabuntur.
459 249 645 314 Gratissima
662 259 769 314 autem
787 249 855 314 laus
875 271 985 316 eorum
1006 249 1104 316 laoto-

114 369 182 414 rum
200 349 344 427 hebetur,
363 373 435 435 quas
450 363 597 434 suscepta
613 351 756 416 videntur
772 373 791 416 a
806 352 876 418 viris
892 352 1022 419 sortibus
1037 357 1104 420 sino

3 477 4 480 ¹
112 450 330 518 emolumento
347 473 385 517 aa
402 451 550 537 praemio:
573 473 644 534 quae
656 453 731 518 verd
747 453 843 518 etium
858 475 931 519 oum
947 455 1056 520 labore
1072 465 1104 521 et

113 552 416 638 periculoipsoram,
429 553 498 620 huso
511 553 628 620 hubent
641 554 832 640 uberrimam
846 556 972 641 copiam
987 557 1027 622 ad
1039 558 1104 622 lau·

111 653 276 733 dandum3
297 655 387 738 quaid
398 665 430 722 et
445 655 508 722 dici
524 657 719 722 ornatissime
737 645 877 741 possunt,
898 667 930 723 et
946 657 1045 722 audiri
1061 659 1104 722 sa·

111 755 236 822 cillime.
283 757 330 823 Ea
347 757 431 824 enim
447 759 583 842 donique
595 759 775 834 virtusasse
789 759 912 826 videtur
927 761 1104 844 praestantis

112 859 178 938 viri,
194 879 265 943 quaa
280 872 328 927 est
343 861 503 926 fructuosa
519 860 595 940 aliis,
611 861 667 947 ipsi
681 871 788 928 autem
800 861 970 941 laboriosa,
985 872 1041 927 aut
1053 883 1105 947 pe·
1148 852 1150 862 ’

3 977 4 986 ’
111 961 256 1040 maniosa,
280 976 334 1029 aut
357 967 442 1029 certe
458 965 607 1049 gratuita.
653 963 775 1049 Magna
790 963 887 1030 etium
903 963 956 1029 illa
970 964 1049 1043 leus,
1072 975 1103 1029 et

111 1063 313 1144 admirabilis,
322 1065 419 1131 videri
429 1065 520 1144 solet,
537 1065 643 1130 tulisse
659 1086 752 1131 casus
767 1065 927 1151 sapienter
944 1067 1102 1142 adversos,

3 1251 4 1256 ἵ
111 1187 176 1234 non
192 1166 327 1234 lraotam
343 1188 411 1234 esse
427 1167 561 1245 fortunii,
578 1166 739 1233 retinuisse
756 1167 785 1232 in
802 1169 894 1235 rebus
907 1169 1025 1255 asperis
1037 1171 1103 1254 dig·

111 1269 253 1336 nitatem.
298 1269 413 1353 Neque
430 1263 606 1360 tamenill‘a
622 1291 685 1334 non
702 1280 827 1347 ornant,
843 1269 941 1335 habiti
957 1271 1103 1346 honores,

110 1371 690 1456 decretavirtutisproemia‚resgestur
708 1371 832 1456 judiciis
843 1372 1007 1436 hominum
1017 1393 1102 1438 eom·

3 1543 5 1552 ,
110 1475 274 1560 probatoer
297 1475 327 1540 in
344 1473 456 1557 quibus
468 1475 564 1540 etiam
578 1473 761 1540 felicitatem
774 1473 875 1559 ipsam
902 1474 1035 1539 deorum
1047 1475 1102 1538 inr-

109 1575 290 1644 mortalium
301 1577 422 1660 judicio
438 1575 541 1655 tribui,
557 1575 746 1642 laudationis
758 1585 815 1642 est.
862 1575 1036 1642 Sumenda·
1050 1597 1101 1641 au·

109 1689 174 1746 tem
190 1701 239 1746 res
255 1691 346 1746 erunt
362 1690 417 1745 aut
432 1679 650 1765 magnitudine
667 1677 871 1764 mutabiles,
891 1689 945 1743 aut
962 1681 1101 1744 novitate

3 1831 14 1854 e
109 1781 229 1868 primm,
253 1793 307 1848 out
327 1802 444 1867 genere
465 1781 534 1867 ipso
549 1781 741 1867 singulares:
765 1781 966 1864 nequeenim
985 1801 1101 1866 parvul,

108 1905 211 1966 neque
228 1884 362 1963 usitatio,
375 1903 477 1966 nequo
493 1881 884 1976 vulgares-admiratione,
900 1894 955 1948 aut
970 1883 1101 1948 omnino

83 1985 88 1998 “
108 1985 213 2063 laude,
227 1987 333 2068 dignor
345 1985 440 2049 videri
452 1985 564 2049 solent.
611 1986 669 2049 Est
681 1987 778 2048 otiam
796 2005 869 2050 eum
886 1985 1009 2050 cereris
1025 2005 1102 2069 prm·

3 2131 14 2148 .
107 2087 264 2154 stantibus
290 2085 360 2149 viris
376 2086 574 2170 comparatio
597 2086 627 2149 ln
643 2085 826 2150 laudatione
843 2085 1005 2169 praeclara.
1051 2087 1100 2151 Do

107 2211 171 2274 quo
186 2209 304 2276 genere
320 2186 441 2252 libitum
458 2197 506 2252 est
522 2187 595 2250 milri
613 2187 707 2271 parili>
724 2187 824 2272 plura,
844 2189 938 2268 qudm
955 2189 1100 2254 ostonde-

106 2313 187 2370 ram,
207 2291 323 2367 dicere,
347 2311 410 2354 non
428 2300 492 2354 tem
511 2297 638 2373 propter
654 2283 743 2353 usu'm
757 2289 925 2367 forensem,
949 2289 1000 2372 qul
1016 2301 1098 2355 esta

108 2415 159 2460 me
171 2393 202 2459 in
216 2391 303 2458 omni
316 2391 377 2456 hoo
387 2411 532 2456 sermone
543 2401 707 2468 tractatus,
719 2393 812 2476 qudm
827 2401 861 2457 ut
872 2392 1099 2470 hoeviderotis‚

105 2498 130 2564 si
144 2496 343 2562 laudationes
355 2505 460 2560 essent
473 2493 503 2558 in
516 2493 648 2559 orntoris
659 2493 775 2573 officio,
788 2494 872 2577 quod
884 2516 980 2562 nemo
989 2511 1098 2582 negat,

104 2599 221 2666 oratori
237 2597 385 2663 iirtutum
402 2597 542 2661 omnium
558 2595 786 2682 cognitionem,
802 2599 868 2664 sine
881 2597 944 2683 qud
955 2599 1097 2665 laudatio

99 2701 190 2772 ‘affici
215 2721 279 2766 non
307 2699 415 2786 possit,
441 2719 509 2765 esse
537 2701 758 2766 necessarium.
803 2699 876 2766 lam
899 2701 1098 2786 vituperandi

105 2813 267 2892 praecepte
283 2801 447 2869 contrariis
468 2823 505 2866 ex
519 2800 598 2866 vitiis
618 2802 774 2866 sumunda
794 2822 872 2880 essa,
896 2804 1097 2887 perspicuum

104 2919 171 2976 est:
195 2903 285 2972 simul
301 2915 349 2971 est
364 2903 437 2969 illud
455 2913 528 2968 ante
545 2901 665 2981 oeulos,
688 2925 748 2968 nee
774 2902 894 2967 bonum
910 2903 1008 2969 virum
1028 2926 1099 2990 pro·

106 3009 170 3094 prid
187 3007 362 3092 etcopiose
378 3005 499 3071 laudari
525 3003 592 3070 sina
605 3005 763 3085 virtutum,
779 3025 840 3071 neo
853 3005 1031 3092 improbum
1045 3029 1098 3076 no·

103 3111 164 3177 turi
178 3130 217 3175 au
229 3107 396 3192 vituperari
410 3105 644 3186 emunitionem,
656 3107 938 3194 cognitione‚ratis
952 3110 1097 3195 insignite
1131 3161 1137 3176 .

104 3225 202 3296 atque
215 3214 325 3296 aspere
343 3233 444 3296 posse.
490 3211 595 3294 Atque
612 3211 658 3276 lris
673 3211 750 3277 loeis
766 3223 798 3278 et
813 3210 964 3278 laudandi
976 3227 1008 3280 et
1020 3215 1096 3282 vitu·

104 3312 238 3404 perandi
253 3316 337 3398 saepd
354 3312 444 3379 nobis
460 3327 507 3382 ast
522 3313 674 3380 utendum
693 3313 826 3388 inomni
848 3336 966 3402 genere
985 3337 1095 3390 causa·

103 3439 184 3492 rum.
