2466 3966
107 133 166 192 tea
253 180 257 189 .
327 148 369 190 ne
391 146 541 192 ortmann
566 147 662 190 uraca
685 139 862 192 securum.

102 306 169 360 tate
183 294 362 360 retinendus
377 307 469 373 asset,
494 317 564 380 qua
579 296 610 360 iu
625 295 675 360 ille
690 294 788 362 causd
803 292 978 380 perorandi
998 293 1080 359 fece·

63 443 70 456 ·
101 399 170 476 rim,
194 398 261 464 sine
288 419 405 484 magno
419 400 528 466 dolore
544 400 664 468 secisse.
708 399 815 470 Quem
832 398 915 464 enim
928 419 989 484 ego
1005 419 1079 464 con·

101 502 318 579 sulant-fuisse,
333 504 554 588 imperatorem
570 517 714 568 ornatum
743 525 760 568 a
785 519 907 578 senatu,
930 515 1078 567 ovantem

101 608 133 674 in
149 607 339 692 Capitolium
355 608 533 674 arcendiese
546 608 775 681 meminissem
797 608 880 671 bunc
894 609 967 672 cum
984 605 1078 672 afflic-

101 723 179 789 tum,
193 711 400 787 debilitatum,
416 723 610 788 moerentem,
625 712 655 774 in
671 731 828 776 summum
843 711 1009 776 discrimen
1026 712 1078 774 ad·

100 816 232 882 ductum
251 815 398 892 viderem,
413 836 477 881 non
493 815 575 898 prius
589 837 658 880 sum
674 826 806 880 conatus
833 814 1077 880 misericordiam

102 921 167 986 aliis
189 939 399 995 commovere,
425 921 519 1001 quem
545 917 755 984 misericordia
769 939 837 982 sum
864 918 930 1002 ipse
956 931 1097 1003 captus,

101 1022 194 1088 Sensi
204 1022 361 1103 equidem,
373 1033 440 1088 tum
456 1043 649 1106 magnopere
665 1025 782 1088 moveri
794 1021 925 1106 judices,
940 1025 1013 1086 erim
1028 1011 1078 1088 eir·

100 1128 193 1194 citari
210 1139 354 1194 moestum
379 1147 418 1191 ac
433 1127 628 1196 sordidatum
651 1148 772 1203 senem,
799 1138 832 1190 et
844 1129 916 1190 cbm
932 1126 992 1206 ista
1007 1126 1078 1202 feci,

99 1251 171 1314 quc
186 1244 229 1307 tu,
241 1230 365 1308 Crasse,
379 1229 501 1306 laudas,
513 1251 575 1294 non
593 1245 670 1307 arte,
682 1231 722 1294 de
738 1229 798 1314 qud
813 1229 886 1312 quid
902 1229 1011 1310 loquar
1026 1251 1078 1294 ne·

99 1337 177 1413 scio,
191 1334 246 1400 sed
262 1345 350 1401 motu
366 1355 483 1420 magno
510 1335 606 1398 animi
622 1357 662 1399 ac
686 1334 805 1410 doloro,
821 1345 854 1398 ut
869 1334 1075 1398 discinderem

100 1441 252 1516 tunicam,
278 1451 312 1504 ut
338 1439 503 1504 cicatrices
529 1440 738 1526 ostenderem.
782 1438 865 1504 Crim
888 1437 926 1504 C.
956 1437 1075 1502 Marius

100 1565 264 1610 moerorem
282 1543 430 1610 orationis
446 1563 526 1607 meae
541 1564 678 1626 praesens
694 1565 732 1608 oc
744 1545 857 1609 sedens
873 1542 1002 1608 multum
1016 1542 1077 1608 lac·

99 1650 192 1732 rymis
207 1649 269 1712 suis
294 1647 474 1732 adjuveram
495 1649 632 1728 cbmque
658 1669 719 1731 ego
734 1648 818 1710 illum
846 1648 955 1712 crebro
972 1649 1077 1732 appel·

99 1751 178 1826 lans,
192 1750 348 1836 collegam
364 1750 392 1812 ei
408 1769 498 1811 suum
513 1749 780 1828 commendarem,
796 1763 891 1834 atque
907 1752 1006 1835 ipsum
1024 1754 1077 1816 ad-

99 1865 244 1920 vocatum
269 1853 309 1916 ad
334 1840 535 1917 communem
560 1851 781 1936 imperatorum
798 1853 955 1920 fortunam
971 1855 1077 1920 deien-

7 2021 10 2028 .
100 1943 236 2026 dandam
254 1957 455 2022 invocarem:
480 1977 542 2020 non
566 1953 625 2020 suit
641 1955 709 2021 haec
731 1957 799 2023 sine
827 1959 902 2022 rucis
916 1959 1077 2044 lacrymis,
1162 1977 1169 1986 ·

99 2065 244 2130 nonsine
260 2061 368 2128 dolore
384 2082 513 2146 magno,
543 2062 711 2139 miseratio,
726 2063 929 2146 carniumque
944 2064 1075 2128 deorum

99 2183 132 2234 et
147 2171 309 2234 bominum
324 2179 357 2232 et
382 2167 496 2231 civium
511 2177 543 2230 et
568 2148 724 2230 sociorum
747 2168 941 2253 imploratio:
964 2169 1078 2253 quibus

99 2275 243 2340 omnibus
259 2272 370 2348 rethia,
385 2293 456 2356 quae
479 2293 498 2336 u
514 2292 564 2335 me
580 2282 647 2336 tum
659 2285 731 2336 sunt
746 2273 865 2349 habite,
880 2273 905 2338 si
919 2274 1009 2339 dolor
1024 2275 1077 2340 ab·

99 2379 206 2444 fuisset
221 2398 319 2452 meus,
335 2397 396 2438 non
415 2375 509 2438 modd
526 2397 589 2439 non
606 2377 798 2454 miserabilis,
824 2379 989 2442 sedetiam
1017 2379 1077 2443 irri-

99 2481 205 2546 denda
219 2478 327 2543 fuisset
342 2478 442 2542 oratio
459 2499 539 2542 mea.
584 2478 803 2548 Quamobrem
820 2482 881 2566 hoc
896 2503 950 2544 vos
963 2482 1077 2558 doceo,

99 2583 230 2668 Sulpici,
246 2582 345 2644 bonus
360 2601 421 2664 ogo
437 2580 582 2644 videlicet
598 2594 693 2664 atque
708 2585 845 2648 cruditus
868 2583 1027 2670 magister,
1043 2598 1077 2649 ut

99 2691 130 2756 in
156 2686 291 2756 dicendo
317 2683 418 2762 irasci,
441 2696 474 2747 ut
489 2683 606 2762 dolere,
630 2698 664 2749 ut
689 2686 763 2752 flere
788 2688 920 2771 possitis.
965 2688 1080 2759 Quen*

99 2815 193 2878 quam
210 2804 240 2857 te
255 2790 384 2876 quidem
398 2788 471 2874 quid
484 2787 545 2854 hoc
556 2791 702 2867 doceam,
717 2791 769 2872 qui
784 2792 814 2854 in
831 2793 1013 2858 accusando
1028 2816 1076 2859 so·

99 2898 162 2966 dali
178 2909 209 2963 ct
224 2907 379 2980 quaestore
405 2914 487 2973 meo,
503 2906 626 2960 tantum
652 2895 831 2960 incendium
848 2917 910 2960 non
934 2897 1076 2962 oratioue
1148 2896 1152 2906 ’

98 3002 210 3077 saltim,
221 2999 278 3064 sed
288 2999 384 3064 multo
397 2999 492 3064 etiam
506 3000 608 3085 magis
620 2999 659 3078 vi,
670 3013 703 3066 et
714 2999 832 3077 dolore,
844 3011 875 3065 et
888 3001 999 3067 ardore
1013 3003 1076 3068 ani·

99 3107 142 3174 mi
157 3102 343 3179 concitatas,
357 3115 391 3168 ut
406 3125 467 3189 ego
482 3105 566 3170 adid
588 3105 845 3190 restinguendum
870 3105 919 3170 vix
943 3128 1076 3174 conarer

99 3207 275 3278 accedere?
299 3207 465 3274 Habueras
480 3210 562 3274 enim
580 3220 645 3273 tum
673 3209 779 3273 omnia
794 3210 825 3273 in
851 3211 948 3276 causti
962 3213 1077 3297 superi·
1168 3201 1174 3212 ’

99 3333 175 3386 ora:
197 3311 400 3398 vim,sugam,
423 3312 658 3398 lapidationem,
673 3312 893 3380 crudelitatem
918 3317 1076 3382 tribunici-

98 3442 161 3496 am,
187 3419 217 3482 in
245 3415 401 3502 Caepionis
427 3417 515 3503 gravi
529 3417 758 3500 miserabilique
773 3439 861 3496 casu,
881 3419 912 3484 in
922 3419 1075 3506 judicium
1176 3479 1194 3501 ⁴,

97 3521 255 3590 vocabas:
278 3519 392 3586 deinde
414 3521 586 3606 principem
603 3534 636 3586 et
650 3523 787 3601 senatbs,
812 3534 844 3590 et
859 3523 1002 3602 civitatis,
1028 3523 1073 3591 M.

98 3626 268 3703 AEmilium,
282 3623 386 3710 lapide
401 3645 582 3710 percussum
598 3647 666 3710 esse
687 3628 871 3696 constabat:
909 3628 1075 3716 ripulsum
