2458 3972
152 63 213 138 20⁴
379 82 422 144 ns
445 79 594 128 cessone
617 81 714 149 ursan¹
735 79 883 131 suerrus.

153 345 218 398 tarn
233 319 327 418 longa
343 348 375 398 et
394 346 460 397 tarn
475 333 536 398 alte
551 335 682 418 repetita
704 333 824 400 oratiol
846 334 896 398 hae
910 335 980 399 duae
1002 345 1122 418 partes,

84 479 86 490 ·
154 457 223 520 quae
238 437 311 501 mibi
326 446 499 522 supersunt,
514 437 700 502 illustrandae
715 438 874 516 orationis,
888 459 927 502 ac
949 439 1043 503 totius
1057 436 1122 501 elo-

154 540 289 624 quentiae
304 540 510 619 cumulandae,
525 561 654 622 quarum
670 541 768 609 altera
779 540 839 606 dici
851 541 987 628 postulat
1000 543 1122 617 ornate,

155 643 253 712 altera
269 646 350 730 apte,
375 645 457 710 hanc
472 644 589 711 habent
603 644 675 722 vim,
699 658 733 708 ut
754 645 790 708 sit
807 647 902 728 quarn
916 643 1052 708 maxime
1072 644 1122 728 ju-

155 750 270 826 cunda,
292 751 383 831 quam
400 747 531 812 maxime
546 747 575 810 in
592 769 698 812 sensus
713 769 831 826 eorum,
845 748 897 831 qui
912 749 1052 824 audiunt,
1078 748 1122 812 in·

156 853 242 930 fluat,
267 861 298 916 et
312 851 542 936 quamplurimis
557 850 596 914 sit
615 851 705 914 rebus
731 851 889 916 instructa.
932 851 1123 916 Instrumen-

156 967 221 1020 tum
247 964 353 1018 autem
377 954 445 1040 hoc*
460 953 591 1032 forense,
613 953 788 1040 litigiosum,
814 977 897 1032 acre,
922 966 1057 1033 tractum
1082 975 1122 1018 ex
1208 959 1212 986 ⁴

156 1057 240 1142 vulgi
255 1057 458 1141 opinionibus,
485 1057 630 1142 exiguum
644 1059 718 1122 sane
734 1069 827 1140 atque
853 1059 1030 1129 mendicum
1055 1070 1122 1124 est:

157 1159 231 1224 illud
246 1181 347 1224 rursus
361 1161 473 1244 ipsum,
497 1161 581 1244 quod
598 1161 721 1226 tradunt
736 1161 794 1237 isti,
818 1162 870 1244 qui
893 1163 1074 1246 profitentur
1088 1183 1124 1228 se

158 1249 282 1329 dicendi
305 1263 479 1348 magistros,
503 1285 565 1329 non
581 1262 711 1326 multum
737 1276 783 1328 est
799 1265 907 1350 majus,
932 1268 1025 1349 quarn
1047 1266 1123 1330 illud
1211 1257 1212 1262 ἵ

17 1429 19 1436 1
122 1411 123 1414 ¹
159 1367 285 1454 vulgare
301 1389 339 1432 ac
354 1367 484 1432 forense.
528 1367 689 1451 Apparatu
706 1368 794 1431 nobis
809 1391 886 1452 opus
902 1379 959 1454 est,
985 1380 1016 1432 et
1031 1369 1125 1436 rebus

159 1471 314 1554 exquisitis
325 1472 460 1553 undique
476 1481 507 1534 et
522 1469 670 1546 collectis,
686 1470 845 1547 arcessitis,
862 1471 1075 1556 comportatis,
1089 1485 1125 1536 ut
1211 1533 1212 1536 ,

160 1573 225 1651 tibi,
251 1575 367 1651 Caesar,
385 1575 561 1638 faciendum
577 1584 624 1636 est
639 1573 678 1636 ad
696 1595 831 1650 annum,
851 1586 889 1644 ut
910 1597 969 1658 ego
985 1575 1015 1638 in
1031 1575 1126 1638 aditi-

160 1687 224 1742 tate
239 1677 386 1752 laboravi,
402 1677 483 1758 qudd
498 1675 693 1757 quotidianis,
708 1689 740 1740 et
751 1670 922 1752 vernaculis
934 1679 1023 1742 rebus
1038 1680 1126 1744 satis·
1167 1689 1179 1718 ’

159 1777 264 1843 facere
280 1778 644 1863 mepossehuicpopulo
667 1800 729 1842 non
749 1780 907 1861 putabam.
950 1781 1125 1846 Verborum
1202 1835 1212 1848 ,,

160 1881 384 1966 eligendorum,
399 1893 431 1946 et
442 1883 707 1958 collocandorum,
725 1893 755 1945 et
770 1874 1067 1961 concludendorum,
1082 1884 1126 1948 la·

162 1985 227 2051 cilis
242 1998 289 2050 est
301 1986 347 2050 vel
360 1985 450 2062 ratio,
463 1985 510 2049 vel
526 1985 590 2049 sine
603 1985 732 2061 ratione,
753 1985 819 2069 ipsa
832 1987 1021 2053 exercitatio.
1065 1988 1127 2052 Rc·

161 2111 229 2154 rum
254 2101 301 2154 cst
316 2089 390 2154 silva
405 2110 530 2174 magna,
555 2109 648 2170 quarn
664 2091 735 2153 erim
758 2089 860 2153 Graeci
871 2091 937 2175 jam
953 2113 1015 2155 non
1042 2101 1128 2156 tene·

162 2205 242 2272 rent,
270 2195 311 2258 ob
337 2215 470 2277 eamque
496 2214 623 2256 causam
653 2192 797 2276 juventus
823 2207 928 2258 nostra
953 2196 1128 2260 dedisceret

163 2317 253 2383 paenc
268 2297 428 2372 discendo,
443 2297 537 2361 etiam
558 2295 671 2372 Latini,
686 2295 711 2360 si
725 2297 781 2359 diis
796 2297 913 2380 placet,
923 2263 985 2362 boc
1000 2299 1127 2364 biennio
1208 2369 1212 2386 ¹

164 2400 302 2484 magistri
328 2400 452 2462 dicendi
477 2399 677 2475 exstiterunt,
707 2421 784 2482 quos
810 2422 871 2486 ego
893 2422 1002 2464 censor
1024 2403 1128 2466 edicto

165 2523 237 2568 mco
259 2502 460 2578 sustuleram3
482 2523 543 2582 non
560 2503 621 2582 qud
647 2502 694 2581 (ut
716 2503 821 2567 nescio
836 2526 914 2586 quos
939 2505 1041 2568 dicere
1067 2507 1129 2569 aic-

165 2605 256 2690 bant)
280 2603 350 2668 acui
365 2597 489 2688 ingenia
512 2603 755 2667 adolescentium
771 2605 894 2682 nollem,
919 2608 984 2683 sed,
1010 2611 1131 2686 contra,
1208 2605 1212 2636 ⁴

112 2785 117 2800 ι
166 2689 292 2796 ingenia
306 2709 435 2773 obtundi
449 2708 541 2784 nolui,
553 2707 744 2771 corroborari
756 2707 989 2790 impudentiam.
1034 2711 1131 2790 Nam,

168 2816 251 2899 apud
263 2813 390 2878 Graecos
405 2813 457 2895 qui
472 2811 621 2898 ejusmodi
640 2820 753 2888 essent,
766 2810 910 2876 videbam
931 2822 1035 2876 tamen
1052 2837 1131 2893 esse,

167 2929 278 3002 praetcr
293 2917 374 2980 hanc
389 2916 641 2980 exercitationem
657 2914 780 3000 linguae,
797 2914 969 2978 doctrinam
994 2916 1130 3001 aliquam

169 3031 201 3084 et
226 3019 450 3083 humanitatem
466 3020 594 3104 dignam
609 3017 753 3083 scientiis:
776 3017 831 3080 hos
854 3017 925 3082 verb
948 3041 1044 3084 novos
1068 3043 1131 3086 ma·
1211 3045 1212 3106 p

169 3121 280 3207 gistros
291 3122 364 3185 nihil
376 3121 586 3206 intelligebam
602 3142 692 3206 posse
706 3121 831 3196 docere,
845 3123 901 3185 nisi
916 3133 949 3186 ut
962 3125 1134 3202 ¹auderentr
1209 3151 1212 3176 ⁴

170 3225 265 3310 quod,
279 3225 373 3290 etiam
388 3245 460 3289 cum
475 3225 563 3288 bonis
577 3225 667 3290 rebus
690 3223 900 3308 conjunctum,
916 3247 968 3309 per
983 3248 1015 3292 se
1027 3227 1130 3313 ipsum

170 3339 218 3394 est
232 3349 422 3414 magnopere
434 3327 622 3412 fugiendum.
665 3325 737 3390 Hoc
752 3329 824 3390 crim
839 3349 933 3395 unum
950 3329 1132 3408 traderetur,

171 3441 204 3496 et
222 3433 294 3495 erim
308 3432 507 3516 impudentis
521 3430 609 3494 ludus
624 3440 715 3508 esset,
729 3431 834 3515 putavi
850 3455 917 3498 esse
932 3435 1132 3511 censerique

171 3533 292 3620 longids
303 3533 333 3597 id
348 3544 495 3619 serperet,
504 3533 682 3619 providere:
721 3535 911 3618 Quanquam
927 3559 988 3601 nan
1005 3537 1073 3602 baee
1088 3537 1131 3602 ita

193 227 278 294 'l'um
292 227 432 306 Crassus,
456 228 616 300 Quorsum
641 228 732 316 igitur
757 229 825 301 hac
849 237 991 317 spetiali*
1006 227 1122 312 inquil·
