2400 3980
136 135 174 196 to
380 151 424 196 nn
440 150 589 194 aaaron!
611 151 853 196 praeuenturus.

99 347 101 353 ,
174 299 262 368 VIIL
283 299 341 378 Ibi,
355 309 389 364 ut
403 321 443 365 ex
457 300 587 384 pristino
610 319 754 366 sermone
768 299 980 364 relaxarentur
1006 297 1103 362 anistri

133 405 285 482 omnium,
310 403 434 470 solebat
458 404 554 470 Cotta
583 423 720 480 nauare,
750 401 901 470 Crassum
925 421 1103 468 sermonem

132 509 291 594 quandum
303 509 343 574 de
357 509 461 574 studio
474 508 600 576 dicendi
612 508 758 572 intulisse.
801 507 868 578 uui
878 508 951 572 atim
962 506 1006 570 ita
1020 516 1106 570 esset
1188 507 1189 510 ’

132 631 282 679 exorsust·
298 613 372 678 Non
395 613 453 678 sibi
471 613 701 678 cohortandum
717 611 890 696 Sulpicium
905 621 940 676 et
964 610 1106 684 Cottam,
1188 617 1189 624 ’

132 718 188 784 sed
203 718 306 804 magia
321 728 487 801 utrumque
502 717 746 782 collaudandum
760 716 866 794 videri,
882 715 967 800 quod
982 725 1106 788 tantan

128 825 196 908 jam
210 833 316 888 essent
329 822 511 888 facultatem
528 821 644 905 adepti,
669 833 704 886 ut
718 843 782 886 non
796 820 968 905 equalibus
981 819 1043 886 suia
1056 839 1107 884 so·

131 926 197 994 lum
212 937 486 1012 anteponerentur,
509 927 564 990 sed
580 947 651 990 oum
668 924 837 1011 majoribus
851 935 928 994 natu
943 943 1108 1008 eompara-

131 1041 247 1099 rentur.
291 1031 405 1114 Neque
419 1031 493 1096 verb
509 1031 583 1096 mibi
605 1031 789 1116 quidquam,
813 1031 923 1114 inquit,
948 1028 1109 1114 praestabi-

131 1133 329 1212 liusvidetur,
341 1137 434 1218 quem
451 1136 688 1219 possedioendo
704 1146 811 1200 tenere
823 1135 983 1200 hominum
996 1144 1109 1209 emtus,

132 1249 254 1306 menter
270 1239 605 1330 allicere,‚pojuntates
630 1239 800 1325 impellere,
825 1238 1003 1325 qub'valit3
1023 1239 1110 1304 unde

132 1353 239 1410 eutem
255 1319 557 1421 uelit‘dedbeeibf'
574 1343 655 1410 Haeo
680 1365 744 1410 una
769 1366 818 1410 res
843 1344 874 1409 iu
898 1343 985 1408 omni
1009 1342 1110 1408 libero

132 1447 262 1534 populo,
276 1451 474 1533 maximbme
488 1449 519 1513 iu
535 1449 656 1533 penatis
671 1448 906 1533 tranquillisque
921 1448 1110 1525 civitatibus,

132 1554 290 1637 praecipue
327 1575 451 1637 semper
485 1553 599 1630 floruit,
632 1574 819 1637 semperque
854 1553 1017 1618 dominata
1051 1563 1110 1616 est

132 1655 223 1728 Quid
248 1655 332 1722 euim
357 1667 405 1720 est
421 1667 476 1720 aut
501 1667 566 1722 tam
584 1656 779 1735 admirabile,
804 1659 900 1742 quem
924 1679 964 1722 ex
989 1657 1112 1722 infinitti

133 1761 331 1826 multitudine
346 1760 509 1825 bominum
523 1761 670 1826 exsistere
686 1781 794 1839 unum,
808 1761 861 1846 qui
876 1761 918 1838 id,
943 1761 1029 1844 quod
1045 1783 1112 1826 om·

133 1865 224 1930 uibus
238 1865 350 1930 natura
362 1865 402 1930 sit
416 1865 536 1942 datum,
557 1864 607 1930 vel
621 1865 714 1943 aolus,
728 1865 777 1931 vel
791 1887 864 1930 eum
879 1867 990 1951 paneis
1004 1867 1113 1934 faeere

133 1969 252 2054 possiti
276 1981 330 2034 aut
344 1980 410 2034 tem
429 1969 605 2054 jucundum
620 1971 749 2055 cognitu
765 1981 860 2054 atque
875 1969 995 2050 auditu,
1014 1972 1111 2054 quam

133 2075 326 2162 sapientibus
340 2074 500 2142 sententiis
524 2074 735 2159 gravibusque
756 2075 857 2140 verbis
872 2087 985 2140 ornata
1009 2075 1113 2140 aratio

51 2175 54 2190 '
132 2166 166 2247 ot
179 2179 300 2266 polital
323 2191 378 2246 eut
402 2192 468 2244 tam
484 2189 609 2264 potens,
630 2189 759 2302 turpique
774 2180 990 2264 magnifieum,
1014 2181 1111 2264 quam

133 2285 241 2370 populi
258 2295 373 2361 motus,
393 2285 534 2369 judicum
560 2253 737 2368 mibi‘abbs,
761 2283 886 2348 senatus
911 2284 1112 2368 gravitatem,

133 2388 224 2452 unius
238 2388 381 2450 oratione
406 2387 567 2452 convertit
591 2386 678 2456 Quid
695 2407 789 2470 porro
803 2399 869 2452 tam
886 2389 1018 2473 regium,
1042 2399 1110 2454 tam

133 2490 271 2571 liberale,
285 2501 351 2554 tam
367 2490 560 2566 munificum,
583 2492 677 2572 quam
694 2511 788 2574 opem
803 2491 882 2554 ferre
908 2492 1112 2576 supplicibus,

134 2594 272 2666 exaitare
287 2593 429 2671 afflictos,
454 2594 530 2658 dare
545 2593 689 2670 salutem,
714 2594 847 2659 liberare
862 2596 1016 2680 perieulis,
1041 2597 1113 2662 reti·

135 2719 210 2764 nere
224 2697 407 2762 hominesin
422 2697 571 2766 eivitatel
594 2697 681 2768 uuit
693 2709 798 2762 autem
811 2711 877 2764 tam
887 2701 1111 2779 necessarium,

135 2805 230 2888 quarn
245 2813 353 2868 tenere
378 2823 502 2885 semper
518 2821 617 2878 arma,
641 2801 753 2885 quibus
769 2802 816 2868 vel
841 2815 943 2869 tectus
958 2805 1026 2890 ipse
1041 2827 1111 2872 esse

135 2907 245 2992 possis,
258 2907 307 2971 vel
322 2927 496 2990 provocare
511 2904 744 2990 improboquel
759 2919 790 2972 te
805 2907 911 2973 ule-isei
926 2909 1112 2974 lacessitus?

135 3012 208 3096 Age
222 3011 306 3088 verb,
321 3033 361 3076 ue
372 3031 495 3094 semper
507 3008 617 3087 forum,
632 3009 788 3088 subsellia,
802 3025 913 3089 rostra,
927 3014 1112 3098 curiamque

136 3116 299 3192 meditere,
313 3116 387 3199 quid
403 3135 471 3179 esse
486 3126 589 3196 potest
597 3115 628 3178 in
641 3115 706 3180 otio
721 3127 776 3180 eut
786 3116 964 3201 jucundius,
980 3129 1034 3182 aut
1046 3139 1111 3185 ma·

136 3221 188 3304 gis
201 3220 359 3305 proprium
375 3219 586 3312 humanitatis,
611 3221 705 3301 quarn
720 3241 823 3284 sermo
837 3221 959 3286 facetus
974 3243 1013 3287 ae
1028 3223 1113 3289 nulld

138 3325 172 3392 in
185 3347 219 3390 re
233 3324 337 3390 rudisl
360 3324 433 3388 Hoc
444 3323 528 3388 enirn
544 3345 606 3388 uuo
619 3334 802 3407 prestamus
821 3325 869 3389 vel
885 3327 1019 3400 maxime
1031 3328 1113 3406 feris,

137 3429 225 3514 quod
246 3429 450 3512 colloquimur
462 3429 541 3492 inter
555 3449 623 3504 nos,
641 3440 673 3497 et
687 3428 771 3512 quod
787 3431 959 3514 exprimere
974 3432 1112 3498 dieendo

138 3555 232 3600 senaa
253 3555 426 3618 possumus.
468 3531 684 3608 Quamobrem
700 3534 768 3616 quir
788 3534 850 3602 hoo
864 3557 927 3600 uon
938 3535 1007 3620 jure
1023 3537 1112 3604 mire·

138 3650 200 3718 tur,
223 3640 406 3722 summeque
421 3637 453 3702 in
468 3658 508 3702 eo
522 3636 751 3724 elaborandum
777 3659 857 3705 erse·
870 3640 1048 3719 arbitretur,
1072 3651 1110 3707 'ut
