2400 3980
357 127 402 170 ιιιι
418 125 569 170 ostreas
585 127 684 171 urana
699 129 832 174 ιιιιιιιιι.
1047 113 1082 172 st

85 273 226 336 utrdm'
201 294 311 337 simus
328 293 439 336 earum
452 273 555 350 rudes,
570 295 610 338 an
627 274 837 340 didicerimus.
881 275 936 352 Ut,
958 295 1012 360 qur
1004 273 1085 359 'pits

84 371 204 450 ludunt,
221 397 295 438 non
326 385 456 439 utuntur
471 376 502 439 in
518 376 585 460 ipsa
569 376 720 440 lusione
745 377 1017 462 artificioproprio
1033 397 1087 460 pa·
1156 459 1158 466 y

81 474 207 553 laestrae,
223 478 289 540 sed
308 478 451 542 indicat'
444 499 511 562 rpse
538 489 679 644 motus,
670 479 789 543 didicer
826 489 878 546 tne
894 480 1087 562 palaestram,

81 580 317 643 anneserant
340 499 835 697 erquraqud‘du'gunpiteerint
907 581 1087 663 picturam

78 679 118 744 hil
145 693 304 758 utuntur,
319 694 439 760 tamen,
457 687 560 748 utnlm
577 684 883 768 scisntprngemr
865 705 905 746 ιιιι
933 685 1087 760 nesciant,

79 803 141 846 ιιοιι
159 786 346 850 obscurum
363 796 428 850 est:
451 786 497 848 sic
508 786 540 848 in
552 786 747 850 orationibus
764 786 877 850 hisce
870 784 944 870 rpsis
956 785 1087 870 judicio·

78 906 158 964 rum,
175 887 395 964 concionum,
410 888 547 964 senates,
568 888 692 952 etiamsi
718 890 842 972 proprie
869 903 996 952 caeterae
1023 890 1086 952 rion

79 991 285 1056 adhibentur
315 1001 409 1067 artes,
442 1003 549 1056 tamen
576 991 668 1055 facile
700 991 890 1067 declaratur,
920 995 1024 1056 utrium
1051 993 1087 1068 is,

78 1092 131 1176 qui
146 1095 258 1171 dicat,
272 1095 497 1157 tantummodo
508 1095 539 1158 in
552 1094 613 1157 hoc
626 1094 855 1159 declamatorio
868 1096 907 1159 sit
917 1117 1014 1180 opere
1019 1097 1087 1180 jac·

78 1207 180 1272 tatus,
210 1218 256 1260 an
289 1197 330 1260 ad
356 1196 526 1261 dicendum
553 1197 699 1260 omnibus
726 1197 870 1281 ingenuis
898 1199 1017 1262 artibus
1043 1199 1087 1262 in-

79 1308 228 1363 structus
248 1299 429 1363 accesserit.

121 1399 239 1466 XVII.
263 1401 348 1464 Tum
366 1402 470 1466 ridens
482 1399 724 1476 Scaevola,Non
740 1401 896 1477 luctabor,
912 1402 1023 1488 inquit,
1042 1414 1085 1464 te·

81 1523 171 1580 cum,
183 1505 315 1581 Crasse,
331 1505 486 1588 amplius:
509 1505 540 1567 id
556 1504 641 1568 enirn
665 1504 778 1586 ipsum,
801 1503 885 1586 quod
903 1513 1016 1565 contra
1032 1522 1083 1566 me

80 1603 217 1672 locutus
243 1629 288 1683 es,
314 1607 446 1672 artificio
462 1608 603 1692 quodam
630 1627 664 1670 es
680 1619 881 1684 consecutur,
897 1617 930 1670 ut
945 1616 978 1670 et
995 1605 1081 1682 mihi,

82 1731 158 1794 quae
176 1732 242 1796 ego
258 1710 370 1774 vellem
382 1731 447 1774 non
459 1731 529 1774 esse
544 1711 688 1786 oratoris,
700 1711 914 1775 concederes:
937 1720 970 1773 et
986 1731 1024 1773 ea
1042 1711 1086 1790 ip·

83 1833 120 1876 sa
147 1813 263 1878 nescio
287 1813 451 1896 quomodo
477 1832 581 1876 rursus
607 1814 824 1896 detorrpreres,
845 1825 942 1896 atque
968 1810 1086 1876 oratori

84 1916 218 2000 propria
234 1915 386 1979 traderes.
431 1913 523 1989 Haec,
549 1918 623 1978 crim
639 1935 701 1999 ego
725 1925 840 1998 praetor
867 1913 1019 1976 Rhodum
1035 1932 1086 1976 ve*

86 2015 219 2090 nissem,
228 2025 261 2078 et
273 2035 346 2077 cunr
359 2033 484 2076 summo
495 2015 547 2075 illo
561 2015 694 2074 doctore
705 2013 791 2073 istius
803 2010 977 2092 disciplinae
990 2009 1085 2090 Apol·

86 2116 187 2194 lonio,
203 2139 244 2181 ea
259 2135 332 2200 quae
347 2115 522 2179 aPanaetio
539 2133 742 2196 acceperam,
753 2111 977 2175 contulissem:
993 2109 1084 2172 irrisit

88 2219 141 2285 ille
157 2221 299 2305 quidem,
325 2231 359 2281 ut
374 2217 508 2292 solebat,
525 2213 768 2298 philosophiam,
782 2224 878 2294 utque
894 2211 1064 2274 contemsit
1078 2235 1086 2282 ς

89 2323 256 2407 multaque
269 2341 332 2384 non
343 2331 408 2384 tam
419 2318 556 2402 graviter
567 2316 653 2392 dixit,
665 2314 759 2400 quern
771 2314 873 2376 facete
885 2331 891 2374 :
909 2324 964 2376 tua
976 2322 1084 2375 eutem

89 2425 148 2490 fuit
162 2425 267 2488 oratio
283 2423 448 2506 ejusmodi,
474 2441 539 2484 non
555 2431 589 2482 ut
615 2418 710 2482 ullam
739 2429 839 2482 artem
862 2415 1083 2480 doctrinamve

89 2539 327 2600 contemneres,
351 2525 406 2589 sed
424 2536 457 2587 ut
473 2543 584 2586 omnes
600 2522 733 2586 comites
750 2542 789 2584 ac
806 2519 963 2583 ministres
980 2529 1085 2580 orato·

89 2633 130 2696 ris
145 2652 216 2696 esse
231 2630 363 2692 diceres.
409 2628 502 2696 Quas
528 2647 601 2710 ego,
623 2626 647 2688 si
664 2625 733 2710 quis
749 2623 788 2686 sit
804 2643 883 2686 unus
899 2619 1085 2702 complexus

91 2757 215 2810 omnes,
230 2733 380 2816 idemque
394 2731 420 2792 si
433 2731 473 2793 ad
490 2751 545 2792 eus
561 2727 746 2792 fucultatem
765 2727 858 2788 istam
874 2723 1084 2786 ornatissimae

92 2836 244 2904 orationis
269 2833 463 2918 adjunxerim
485 2851 687 2914 nonpossum
709 2829 827 2901 dicere,
839 2845 1085 2907 eumnonegre·

92 2944 178 3056 glum
199 2937 361 3022 quendam
387 2935 549 2998 hominem
566 2945 662 3018 utque
679 2929 901 2994 admirandum
918 2925 1005 2990 fore:
1028 2925 1084 2990 sed
1152 2995 1158 3004 .

93 3045 128 3121 is,
143 3043 168 3106 si
185 3041 239 3125 qui
262 3048 357 3115 esset,
373 3048 428 3101 aut
443 3038 467 3100 si
484 3037 580 3099 etiam
607 3054 747 3118 unquam
765 3032 884 3105 suisset,
900 3039 954 3093 aut
969 3029 1043 3092 verd
1059 3025 1085 3088 si
1185 3029 1187 3092 l

94 3167 163 3210 esse
180 3153 299 3228 posset,
314 3151 347 3203 tu
362 3161 447 3204 esses
463 3159 543 3201 unus
559 3136 719 3219 protecto,
741 3135 795 3218 qui
810 3144 840 3197 et
859 3153 931 3196 meo
953 3127 1084 3214 judicio,

95 3263 126 3312 et
148 3245 305 3318 omnium,
330 3243 378 3304 vix
405 3241 501 3310 ullam
528 3238 650 3302 cacteris
665 3236 841 3298 oratoribus
858 3234 954 3316 (pace
971 3232 1083 3294 horum

95 3349 241 3431 dixerim)
251 3345 379 3408 laudem
390 3341 549 3425 reliquisti.
594 3339 711 3403 veram
725 3359 750 3399 si
742 3336 838 3400 tibi
831 3359 888 3418 rpsr
881 3333 974 3398 nihil
984 3333 1085 3404 deest,

97 3452 203 3538 quod
196 3471 228 3514 ιιι
240 3446 415 3511 forensibus
425 3444 517 3509 rebus
527 3442 733 3524 civilibusque
744 3451 893 3513 uersatur,
903 3437 978 3519 quin
991 3432 1084 3504 scias,

99 3576 200 3640 neque
225 3569 299 3617 eam
325 3559 434 3612 tamen
460 3543 638 3620 scientiam,
664 3561 760 3625 quam
788 3541 933 3624 adjungis
957 3530 1085 3604 oratori,
1127 3586 1139 3600 ,
