2458 3972
258 27 263 55 l

330 173 372 218 os
395 171 544 219 oratoru
568 163 839 222 ttosrrsrrrrosf.
1003 159 1066 218 ete

100 321 208 403 atque,
218 316 394 404 ubicunque
406 323 586 400 eonstiterit,
595 320 765 390 consistere
778 325 807 389 in
819 347 886 402 suo,
898 321 986 390 tacite
998 346 1067 410 sup·

99 423 223 508 peditat
244 425 345 488 omnis
371 440 538 510 apparatus
564 441 751 512 ornatusque
773 427 906 494 dicendi.
949 421 1066 494 Rerum

97 529 185 592 enirn
201 529 294 612 copie
309 529 470 594 verborum
486 533 609 616 copiam
625 533 741 618 gignit:
764 544 805 609 et,
821 533 844 596 si
860 545 907 597 est
922 532 1067 596 honestas
1104 466 1110 576 l

100 632 132 694 in
147 633 237 696 rebus
245 630 328 716 ipsis,
342 634 382 698 de
398 634 507 718 quibus
522 635 642 712 dieitur,
653 635 769 700 exsistit
780 657 817 701 ex
829 636 873 701 rei
885 637 992 700 natural
1005 636 1068 720 qui·

101 735 179 799 dem
192 735 338 820 splendor
353 735 383 800 in
399 723 508 804 verbis.¹
552 740 599 803 stt
615 741 708 804 modd
723 741 757 816 is,
772 740 822 822 qni
837 734 920 804 dicet
933 751 986 804 aut
997 739 1070 804 sori·
1114 717 1120 805 l

103 839 174 915 bet·
183 839 337 904 institutus
351 839 515 906 liberaliter
527 844 716 926 educatione
731 843 932 930 doctricique
952 843 1069 927 puerili,
1174 911 1177 918 ,

102 955 136 1007 et
145 943 254 1027 llogret
265 944 377 1020 studio,
388 957 420 1009 et
430 967 447 1010 a
458 947 567 1010 naturis
579 948 753 1032 adjuvetur3
767 959 809 1024 et,
819 948 849 1011 in
860 947 1069 1011 universorum
1118 991 1125 1054 t

103 1069 253 1132 generum
270 1046 394 1114 infinitis
411 1051 686 1134 disceptationibus
704 1053 898 1128 exercitatus,
919 1051 1071 1136 ornatissi-

104 1171 174 1215 mos
199 1151 362 1250 scriptores
385 1166 585 1237 oratoresque
609 1155 649 1218 ad
671 1149 926 1238 cognoscendum
950 1155 1091 1246 imiten-v
1118 1201 1125 1264 ί

104 1257 243 1338 dumque
265 1255 423 1340 eogndritt
445 1279 493 1320 noe
515 1257 565 1322 ille
588 1257 670 1322 houd
696 1260 780 1334 sane,
806 1260 1069 1340 quemadmodum

104 1361 201 1424 verba
215 1373 312 1424 struat
327 1373 359 1424 et
375 1360 534 1437 illuminet,
557 1383 575 1425 a
598 1361 751 1446 magistris
773 1361 835 1424 istis
855 1361 1005 1442 requiret:
1027 1362 1072 1426 ito

104 1463 207 1539 facille,
219 1463 248 1526 in
261 1485 361 1526 rerum
376 1465 576 1540 abundantio,
588 1467 627 1529 nd
640 1465 786 1530 orationis
798 1475 990 1540 ornamenta,
1005 1465 1071 1528 sine

103 1569 197 1644 duce,
212 1567 321 1632 nature
336 1567 412 1651 ipsi,
426 1569 449 1653 si
466 1570 560 1632 modo
575 1579 621 1633 est
636 1570 814 1644 exercitata,
830 1568 959 1633 labetur.

142 1671 277 1737 XXXII.
300 1671 362 1735 Hic
374 1673 512 1749 Catulus,
524 1671 575 1736 Dii
586 1669 785 1748 immortales,
797 1671 907 1754 inquitr
921 1684 1070 1754 quantam

105 1796 208 1840 rerum
220 1777 413 1852 varietatem,
424 1788 572 1858 quantum
586 1777 657 1853 vim,
672 1788 821 1860 quantam
834 1777 967 1859 copiam,
983 1776 1073 1839 Cras

105 1865 152 1955 se,
167 1879 346 1962 complexus
361 1881 408 1943 esi
431 1881 613 1962 quantisque
625 1901 662 1943 ex
675 1880 822 1964 angustiis
834 1890 988 1942 oratorem
1000 1878 1072 1942 edu·

106 2001 181 2046 cere
204 2002 359 2057 suentes,
382 1995 413 2046 et
434 1977 464 2045 in
485 1983 633 2066 majorum
649 2003 772 2046 suorum
789 2003 884 2065 regno
899 1981 1073 2044 collocare!

105 2081 256 2171 Namque
267 2085 337 2152 ,illos
352 2095 470 2149 veteres
484 2085 628 2149 doctores
644 2096 847 2165 auctoresque
866 2081 990 2146 dicendi
1009 2083 1073 2146 nul·

106 2187 173 2250 lum
188 2209 286 2270 genus
301 2187 519 2270 disputationis
530 2209 548 2250 a
559 2188 738 2251 sealienum
752 2185 873 2268 putasse
886 2187 1073 2268 accepimns,

107 2311 293 2373 semperque
309 2311 376 2354 esse
390 2292 421 2354 in
437 2291 521 2353 omni
536 2290 683 2354 orationis
702 2290 821 2353 ratione
836 2298 982 2352 versatos.
1025 2287 1085 2351 Er
1122 2338 1125 2352 .

108 2393 221 2475 quibus
237 2393 329 2458 Elius
344 2393 487 2476 Hippias,
501 2377 573 2456 eim
588 2391 765 2476 Olympiam
781 2392 923 2466 venisset,
940 2389 1075 2458 manime

9 2575 10 2580 γ
107 2497 160 2561 itte
171 2496 390 2578 quinquennali
402 2496 582 2560 celebritate
593 2495 745 2572 ludorum,
756 2495 903 2580 gloriatus
915 2507 971 2571 est,
982 2515 1076 2559 cunc·

109 2598 145 2664 tit
158 2620 247 2682 paone
263 2599 408 2662 audiente
424 2598 555 2674 Graeoid‚
577 2598 650 2662 nihil
672 2621 739 2664 esse
762 2599 822 2662 ulte
843 2601 871 2662 in
894 2611 1073 2663 attererem

110 2702 261 2776 omnium,
275 2696 356 2782 quod
370 2702 435 2785 ipsc
446 2703 594 2778 nescirem
615 2719 674 2766 neo
686 2703 783 2765 solum
797 2703 854 2765 hes
864 2713 955 2775 artes,
966 2700 1077 2782 quibus

110 2805 254 2870 liberales
265 2804 415 2872 doctrine
429 2820 524 2886 atque
544 2807 686 2888 ingenue
697 2807 937 2878 continerentur,
952 2823 1077 2886 geome-
1101 2871 1105 2876 q

111 2909 214 2983 triam,
230 2909 390 2984 musicem,
405 2907 560 2971 literarum
572 2908 792 2990 cognitionem,
804 2919 836 2970 et
847 2910 1019 2990 poetarum,
1033 2917 1078 2968 ot·

13 3051 16 3056 -
111 3033 174 3095 que
189 3011 250 3088 illa,
272 3028 341 3094 quse
356 3011 396 3076 de
412 3011 526 3076 naturis
542 3030 651 3086 rerum,
673 3031 744 3094 quae
758 3011 798 3074 de
814 3009 972 3074 hominum
989 3007 1081 3073 mori-

112 3117 181 3192 bus,
190 3137 260 3199 quae
270 3115 309 3180 de
319 3113 540 3198 rebuspublicis
549 3113 738 3190 dicerenturr
752 3115 805 3178 sed
817 3115 976 3189 annulum,
985 3135 1079 3196 quem

111 3220 253 3294 haberet,
268 3219 479 3306 palliumque
492 3218 633 3293 amiotus,
644 3238 764 3294 soccos,
778 3218 887 3298 quibus
899 3217 1022 3280 indutus
1034 3238 1082 3280 es·

110 3336 170 3401 set,
189 3343 221 3388 se
237 3322 292 3386 suri
308 3344 401 3385 manu
417 3323 598 3387 coniecisse.
642 3320 769 3384 Scilicet
783 3321 873 3384 nimis
889 3321 938 3384 hic
953 3321 1079 3403 quidem

112 3439 160 3493 est
172 3443 366 3513 progressusr
381 3426 435 3489 sed
447 3447 484 3488 ex
498 3447 535 3488 eo
545 3425 613 3510 ipso
622 3435 669 3489 e'st
679 3425 857 3510 conjecture
867 3423 973 3501 facilis,
985 3445 1081 3507 quan-

112 3545 179 3614 tum
194 3529 253 3596 sibi
268 3529 308 3593 illi
324 3528 379 3613 ipsi
395 3539 533 3593 oratores
547 3531 587 3594 de
604 3527 841 3614 praeclarissimis
855 3529 972 3593 artibus
988 3549 1082 3612 appe·

111 3637 228 3714 tinini,
243 3635 295 3722 qui
310 3655 350 3702 ue
365 3631 551 3702 sordidiores
564 3636 689 3722 quidem
703 3631 898 3722 repudiiriot.
942 3631 1028 3702 Quid
1041 3631 1081 3694 de

1123 1420 1128 1468 1
1208 1390 1211 1394 .
