2400 3980
143 131 207 208 οη
335 161 341 171 ’
396 159 438 206 na
454 159 602 206 carneas
620 159 717 205 arnan
737 158 866 206 annuos.

142 326 253 377 conset
267 327 325 386 ηοω
344 322 519 376 nostrornm
545 310 697 396 majorum
723 309 850 375 inventa
875 303 966 372 ndsse
981 304 1121 384 debere3

38 435 42 442 ’
142 413 322 493 aeneides,
339 426 458 480 veteres
481 416 566 500 leges
582 427 635 478 ant
658 413 723 498 ipsd
749 413 804 478 sud
829 421 983 478 vetustate
1009 429 1121 475 conse·

76 507 139 548 4
65 499 255 596 Μωῖο,
269 529 324 582 nat
338 518 426 582 novis
437 519 637 604 iegibusassa
651 517 811 584 subintnsi
834 516 933 587 Quod
948 515 1021 578 vero
1036 514 1120 579 viros

142 609 264 687 bono's
252 640 321 708 jure
336 623 416 687 civili
431 623 496 687 fieri
511 635 614 707 putas,
628 623 701 705 qnia
716 623 837 707 legibus
848 634 880 686 at
903 619 1032 706 praemio
1047 639 1119 703 prn-

141 727 244 811 potita
258 727 319 790 sint
343 723 503 791 virtutibus
518 739 550 791 et
565 727 717 811 supplicio
742 727 839 791 vitiis:
861 725 1007 808 equidem
1027 735 1117 808 puts·

140 831 225 914 bum,
247 831 390 894 virtutem
406 829 581 894 hominibus
597 832 636 914 (si
652 851 704 894 mo
736 831 743 848 4
762 831 841 921 tradi
856 830 977 922 ratione
1004 827 1115 912 possit)

42 918 330 1010 “¹³²⁴'‘,in‘stituendo
345 945 377 998 et
402 931 631 1019 persuadendo,
656 955 698 998 no
771 957 788 1024 J
810 915 837 997 is
862 933 938 997 etvi
964 953 1003 996 nc
1019 944 1116 1008 metu,

139 1037 230 1103 tradi.
273 1037 304 1102 N
308 1059 357 1102 nm
375 1039 475 1122 ipsum
490 1037 616 1120 quidem
630 1038 715 1115 iliud,
740 1039 837 1102 etiam
850 1037 917 1101 sine
932 1035 1115 1120 cognitione

134 1141 221 1229 juris,
245 1140 390 1224 quamsit
414 1143 528 1206 beilum
553 1161 665 1208 cavere
682 1142 809 1218 malum,
834 1141 913 1206 scire
938 1159 1114 1224 possumus.

140 1246 190 1311 Da
204 1263 254 1310 me
267 1257 370 1310 autent
388 1247 465 1330 ipro,
479 1245 530 1310 cui
542 1237 594 1308 uni
610 1258 642 1309 tu
658 1246 817 1322 concedis,
832 1257 875 1322 ut,
889 1245 955 1308 sine
967 1243 1027 1306 utta
1038 1244 1114 1329 juris

137 1349 278 1427 ouantia,
314 1364 420 1414 tamen
450 1351 553 1414 causis
582 1347 763 1414 satisfacere
793 1351 919 1433 possim,
955 1347 1011 1410 tibi
1041 1349 1113 1423 troc,

138 1456 262 1533 Crasse,
287 1457 473 1540 respondem
500 1475 601 1538 neque
617 1475 667 1519 me
693 1471 831 1537 unquam
852 1455 902 1538 jus
923 1451 1012 1516 civile
1035 1451 1113 1515 didi-

136 1561 228 1637 cisse,
242 1579 343 1642 neque
355 1572 472 1635 tamen,
487 1558 516 1622 in
533 1559 567 1622 iis
578 1553 689 1633 censis,
704 1579 782 1640 quas
797 1559 827 1620 in
840 1558 907 1643 jure
920 1575 1044 1641 possem
1059 1557 1113 1620 de·

136 1663 275 1740 fundere,
286 1681 424 1744 unquam
436 1661 528 1724 istam
538 1662 701 1724 scientiam
714 1661 914 1726 desiderdsse.
957 1660 1112 1725 diiudest

135 1767 231 1844 enim,
245 1787 314 1830 esse
330 1765 482 1830 artificem
496 1765 657 1850 cujusdam
671 1764 795 1848 generis
810 1777 903 1848 atque
919 1766 1002 1842 artis,
1025 1765 1109 1828 aliud
1142 1807 1144 1810 -

136 1870 167 1936 in
183 1869 342 1935 communi
356 1869 418 1932 vita
433 1878 464 1932 et
479 1867 598 1954 vuigsri
612 1865 773 1942 hominum
798 1869 1025 1934 consuetudine
1049 1893 1110 1934 nec

135 1975 283 2042 hebetem
308 1995 368 2038 nec
391 1975 508 2037 rudem.
563 1973 621 2036 Cui
644 1975 781 2038 nostrdm
809 1996 871 2038 non
898 1974 970 2038 licet
996 1975 1109 2038 fundos

135 2091 257 2146 nostros
272 2079 369 2156 obire,
384 2089 436 2142 out
452 2099 499 2142 res
515 2075 654 2154 rusticas,
676 2078 723 2142 vei
741 2077 888 2142 fructus
867 2079 976 2156 anund,
990 2080 1038 2144 vei
1054 2082 1110 2145 de

117 2182 321 2290 iactationis,
335 2182 487 2246 invisere?
510 2193 615 2244 tamen
632 2199 725 2246 nemo
693 2196 864 2303 Htam
826 2183 1032 2351 sinodalis,
1040 2194 1108 2265 tam

90 2357 91 2364 χ
133 2285 200 2354 sinc
226 2275 428 2362 ιη’ωιιῑονίνίῑ,
453 2299 497 2362 ιη,
519 2286 590 2368 quid
608 2286 646 2350 sit
668 2255 874 2350 idrireniisnc
942 2271 1025 2364 saie,
1029 2290 1106 2370 quid
1162 2321 1165 2328 ·

61 2412 76 2438 ’-
94 2406 112 2438 ³‘
132 2390 279 2475 {taborum
295 2391 417 2474 potatio
433 2411 471 2452 nc
486 2390 603 2465 vitium,
628 2411 692 2471 quo
706 2403 847 2474 tempore
863 2391 946 2466 anni,
972 2406 1026 2454 out
1041 2413 1107 2476 quo

28 2541 34 2554 .
134 2495 384 2582 moderantiam,
400 2481 527 2555 omnino
542 2494 671 2558 nesciat.
715 2495 801 2557 Num
815 2494 916 2579 igitur,
936 2495 961 2578 si
973 2497 1106 2562 cuisun·

132 2600 191 2663 dus
202 2597 421 2682 inspiciendus,
442 2606 495 2660 nut
510 2595 534 2658 si
550 2597 765 2676 mandandum
780 2598 893 2682 aliquid
910 2593 1123 2684 procuratori

69 2765 71 2770 ,
123 2704 173 2768 de
188 2699 384 2788 agriculturd,
397 2709 450 2764 nut
461 2699 678 2784 imperandum
690 2701 791 2767 viiiioo
805 2704 854 2779 sit,
866 2703 1013 2788 Magonis
1020 2706 1104 2772 *Kar-

131 2805 333 2894 ihaginiensis
348 2816 418 2869 sunt
432 2803 499 2868 libri
516 2805 733 2888 perdiscendi?
757 2829 795 2871 nn
810 2809 870 2872 hac
885 2811 1044 2874 communi
1059 2813 1105 2877 in·

124 2909 302 3028 teliigentia
315 2909 455 2974 contenti
469 2929 537 2973 esse
552 2911 738 2994 possumus?
761 2912 824 2976 Car
836 2932 911 2998 ergo
927 2935 989 2978 non
1006 2915 1101 2982 iidem

130 3014 162 3079 in
160 3015 242 3131 jure
260 3013 368 3089 civiti,
377 3012 548 3096 presertim
562 3013 657 3078 crim
649 3034 680 3078 m
703 3017 804 3080 causis
827 3028 858 3082 et
873 3014 903 3079 in
920 3019 1053 3102 negotiis
1067 3034 1102 3087 ct

129 3138 160 3184 tn
160 3091 255 3184 4Υοτὸ
258 3099 465 3194 conteramur,
480 3118 556 3183 satis
571 3118 709 3186 instructi
724 3141 792 3214 esse
805 3141 967 3204 possumus
982 3125 1089 3291 Yam
1038 3125 1101 3192 hoc

129 3223 292 3299 duntaxat,
317 3221 403 3285 nain
429 3221 650 3308 nostrapetria
659 3201 833 3308 peregiidi
846 3226 942 3308 atque
969 3249 986 3290 a
1012 3208 1100 3294 iente

128 3347 197 3393 esse
211 3326 390 3392 videamur?
412 3326 499 3390 Ac
475 3347 501 3390 s1
511 3326 577 3412 jam
592 3326 738 3391 sitcnnsa
748 3327 851 3410 aliqua
866 3331 906 3394 ad
922 3353 979 3395 nos
990 3333 1099 3399 delata

35 3515 37 3518 Ι
128 3431 297 3508 obscurior,
308 3427 443 3508 difficile,
454 3430 559 3506 credo,
573 3429 622 3504 sit,
637 3449 709 3494 cum
724 3431 785 3496 hoc
801 3433 943 3499 Scaevoid
957 3455 1099 3503 commn-

128 3536 252 3613 nicare3
273 3553 453 3618 quanquam
478 3532 535 3618 ipsi
560 3533 676 3612 omnia,
699 3555 831 3618 quorum
854 3540 1015 3625 negotium
1040 3556 1098 3622 est,

126 3640 271 3711 mantra
285 3639 327 3706 od
341 3649 442 3708 nosset
452 3637 601 3721 exquisita
617 3639 770 3710 deserunt.
814 3644 866 3709 An
880 3646 953 3710 vero
967 3645 991 3711 ri
1007 3648 1048 3714 de
1062 3669 1097 3715 ra

85 3099 137 3138 414·

1068 3197 1161 3250 *stur
