2400 3980
113 85 117 92 ⁵
135 105 175 175 14
282 122 285 128 ·
315 153 326 178 ,
414 116 457 160 na
473 113 625 158 onerosa
644 113 740 156 arasa
758 109 888 154 narnus.

133 264 224 330 bilior
239 253 308 332 esse
334 261 496 325 videatur:
519 259 599 322 utin
626 256 835 322 concionibus
855 266 889 320 et
903 253 1069 318 sententiis
1086 254 1133 316 di·
1185 291 1186 294 =

82 439 88 446 ¹
134 366 255 432 oendis·
268 365 309 427 ad
336 361 591 446 persuadendum
609 371 665 424 tua
681 359 849 442 plurimum
875 357 979 420 valeat
1006 357 1130 420 oratio:

131 465 273 552 ¹denique
288 476 323 532 ut
338 461 544 548 prudentibus
559 463 685 537 diserte,
700 461 801 538 stultis
816 462 912 525 etiarn
929 463 1001 524 vere
1020 460 1132 524 dicere

136 570 281 636 ridearis.
320 567 397 631 Hoc
412 565 546 650 amplius
561 565 585 627 si
602 564 676 646 quid
690 564 818 647 poteris,
833 585 898 626 non
911 563 941 626 id
955 563 1031 626 mihi
1048 563 1133 625 vide·
1185 551 1186 624 J

137 675 218 738 bitur
233 681 350 746 orator,
361 671 417 744 sed
435 669 567 731 Crassus
582 667 639 730 suh
653 666 791 748 quddam
808 666 944 750 proprisi,
966 687 1030 728 non
1042 687 1131 730 cem·

137 777 224 841 muni
239 784 401 838 oratorum
416 770 580 850 facultate,
601 761 703 852 posse.

179 877 238 940 XI.
260 875 346 938 Tum
363 873 424 949 ille,
439 872 514 936 Non
531 892 612 946 sum,
626 871 737 952 inquit,
748 872 883 946 nescius,
896 871 1056 947 Scaevola,
1072 872 1134 934 ista

137 982 219 1044 inter
235 973 661 1056 Graeoosdicietdisceptari
672 973 782 1037 solere.
828 966 1135 1038 Audivi'enimsunr·
1185 1011 1186 1048 5

137 1065 208 1150 rnos
234 1078 390 1152 homines,
419 1078 493 1139 clim
520 1075 723 1157 quaestor'ex
750 1074 944 1138 tracedonta
973 1077 1132 1140 venissem

106 1247 108 1252 .
135 1183 287 1257 Athenas,
302 1181 436 1243 florente
451 1177 638 1252 Academia,
654 1187 688 1240 ut
715 1177 910 1260 temporibus
927 1177 984 1240 illis
1006 1178 1132 1243 fereba-

138 1299 198 1362 tur,
213 1284 299 1368 quod
312 1303 386 1347 eam
399 1279 610 1354 Charmadas
622 1291 654 1341 et
670 1279 901 1355 Clitomachus,
913 1290 947 1344 et
962 1280 1133 1346 AEschines

119 1377 338 1454 obtinebant.
384 1383 462 1447 Erat
481 1359 578 1447 etiam
595 1381 809 1457 Metrodorus,
825 1383 877 1464 qui
904 1403 979 1446 cum
1000 1383 1058 1446 illis
1070 1384 1135 1446 und

64 1549 71 1558 .
138 1493 242 1574 ipsum
271 1488 358 1552 illurn
386 1485 605 1549 Charmadam
631 1470 810 1566 diligentius
842 1483 997 1560 audierat,
1033 1485 1136 1548 honri·

140 1613 215 1656 neni
232 1591 373 1654 omnium
389 1588 421 1650 in
434 1587 583 1660 dicendo,
606 1596 640 1647 ut
656 1585 811 1660 ferebant,
831 1586 1020 1650 acerrimum
1033 1597 1066 1651 et
1082 1610 1136 1652 co·

141 1691 364 1775 piosissimuur.
409 1687 549 1770 Vigebat
561 1687 686 1749 auditor
698 1686 831 1750 Panaetii
844 1687 923 1750 illius
934 1689 978 1751 tui
991 1688 1136 1752 Mnesar-

104 1869 109 1879 ι
141 1795 239 1870 chusr
261 1804 294 1856 et
319 1790 519 1876 peripatetici
543 1787 675 1851 Critolai
702 1787 870 1853 Diodorus·
922 1790 1014 1854 Multi
1041 1805 1135 1856 erant

142 1907 296 1980 praeterea
322 1891 498 1976 praeclari
491 1912 522 1954 rn
544 1888 741 1972 philosophia
766 1901 811 1954 et
815 1891 948 1978 nobiles,
965 1916 1005 1975 a
1001 1887 1136 2011 'qujhus
1185 1881 1186 1884 ¹

141 1997 288 2063 omnibus
299 2015 363 2059 una
378 2014 470 2078 paene
479 2013 558 2056 voce
574 1993 682 2075 repelli
695 2000 853 2056 oratorem
846 1987 886 2063 d
909 1974 1136 2078 girberhaciilis
1182 2053 1186 2078 J

142 2100 316 2174 civitatum,
332 2095 459 2160 excludi
472 2095 513 2158 ab
526 2115 612 2157 ornnr
604 2095 781 2209 doctqnd
787 2115 961 2199 rerumque
978 2099 1136 2195 majorum
1185 2109 1186 2118 ’

142 2199 283 2277 scientia,
299 2221 338 2263 ac
354 2201 478 2262 tanturn
496 2197 526 2260 in
535 2196 697 2280 judiciaet
715 2183 961 2274 oorrcluhculas,
976 2202 1137 2283 'tanquam

141 2305 172 2368 in
184 2302 312 2385 aliquod
322 2293 497 2384 pistrinum,
509 2300 634 2362 detrudi
646 2310 679 2362 et
688 2319 850 2383 compingi
865 2301 1021 2367 videbam.
1067 2305 1136 2368 sed

143 2425 205 2487 ego
221 2422 326 2484 neque
342 2400 398 2462 illis
412 2381 617 2473 assentiebar,
633 2421 737 2481 noque
753 2401 865 2464 harum
882 2391 1135 2487 disputationum

144 2503 299 2569 inventori
314 2513 347 2568 et
362 2502 495 2585 principi
507 2501 601 2582 longe
617 2503 760 2564 omnium
784 2503 815 2566 in
831 2505 969 2569 dicendo
992 2511 1139 2591 gravissi·

144 2627 198 2670 nro
213 2615 246 2670 et
261 2604 529 2686 eloquentissimo,
556 2603 692 2678 Platoni,
716 2605 804 2687 cujus
820 2615 886 2668 turn
911 2607 1044 2674 Athenis
1060 2633 1138 2675 curn

145 2705 329 2772 Charmada
353 2705 534 2789 diligentins
558 2704 621 2790 legi
647 2706 823 2789 Gorgiam:
848 2730 912 2791 quo
939 2711 970 2774 in
998 2712 1078 2777 libro
1106 2717 1138 2779 in

111 2819 117 2886 ’,
144 2809 208 2874 hoc
223 2808 360 2874 maxime
376 2806 558 2871 admirabar
568 2807 747 2885 Platonem,
760 2810 845 2892 quod
862 2813 948 2886 mihi,
964 2813 995 2876 in
1006 2822 1141 2882 oratori·
1185 2805 1186 2810 ἵ

117 2959 118 2976 2
145 2909 546 2992 busirridendis,ipseesse
562 2899 824 2976 oratorsummus
839 2913 1015 2980 videbatur.
1062 2919 1141 2985 Ver-

143 3012 176 3074 bi
192 3011 277 3074 enirn
289 3011 504 3076 controversia
514 3012 581 3095 J'anr
593 3013 645 3074 diu
662 3023 789 3096 torquet
800 3016 964 3082 Graeculos
981 3018 1141 3097 homines,

144 3111 356 3178 contentionis
382 3113 561 3195 cupidiores
587 3117 682 3197 quam
709 3118 857 3216 veritatis
903 3118 1040 3182 Narn
1016 3143 1042 3184 si
1068 3125 1141 3206 quis

113 3249 120 3260 -
144 3209 230 3278 huuc
244 3213 354 3276 statuit
365 3233 434 3277 essa
450 3227 621 3291 oratorem,
636 3217 689 3297 qui
705 3201 953 3307 ta'nltrr'nhlodo'
946 3241 976 3284 rn
985 3221 1067 3306 jure,
1083 3237 1141 3290 aut

144 3316 177 3379 in
188 3315 312 3399 judiciis
328 3315 437 3397 possit,
453 3328 508 3380 aut
524 3317 608 3399 apud
625 3318 788 3401 populum,
805 3320 882 3384 aul'
875 3343 906 3384 rn
921 3334 1035 3388 senatu
1051 3329 1142 3412 copi·

146 3415 307 3496 colloqui,
321 3424 430 3478 tamen
446 3415 551 3486 huic
545 3439 603 3500 rpsr
594 3418 715 3490 multa
731 3421 849 3486 tribuat
860 3433 892 3486 et
908 3426 1140 3492 concedat'ne·

146 3535 235 3582 cesse
250 3525 308 3580 est.
352 3515 467 3598 Neque
493 3519 578 3582 onim
603 3521 670 3584 sine
686 3521 784 3587 multa
806 3526 1056 3608 pertractatione
1072 3550 1141 3594 orn·
