2466 3966
193 211 234 274 80
327 247 329 252 .
419 227 462 276 na
486 192 638 276 carucae
653 223 753 274 arasa
778 228 959 296 capuanam.

190 387 225 440 at
240 395 326 442 nunc
340 377 512 462 peroptato
526 377 618 440 nobis
632 377 746 440 datum
756 375 824 440 estl
848 385 903 438 aut
915 371 1061 438 nonanes
1076 372 1127 437 ab
1140 373 1202 438 ho

191 498 311 563 genere
336 475 559 565 disputationis
574 473 682 555 aliani,¹
694 477 749 561 qui
764 499 876 542 omues
891 477 922 542 iti
938 484 1057 553 sumus,
1073 487 1113 539 ut
1133 478 1202 542 sint

191 582 239 646 lais
254 582 365 646 studiis
390 583 486 646 vitam
503 579 622 644 nullam
645 599 715 644 esse
738 579 916 643 ducamus?
939 576 1057 642 Omnia
1074 577 1146 642 ista
1164 580 1202 646 in

192 685 260 765 quit
275 683 418 760 Crassus,
438 703 501 766 ego
514 682 577 746 alio
590 683 687 746 modo
698 683 898 764 interpretor,
915 680 969 762 qui
985 681 1131 763 primum
1146 703 1202 763 pa

192 785 343 860 tauram,
357 796 391 849 et
401 785 504 858 sedes,
519 795 551 847 et
567 784 717 866 porticus,
732 781 830 848 etiam
845 784 942 866 ipsos,
962 783 1091 858 Catule,
1108 783 1202 848 Grae

192 907 271 962 coss
284 884 520 950 exercitationis
543 894 584 946 et*
599 883 822 948 delectationis
837 884 943 960 causa,
969 905 1034 948 non
1050 885 1200 967 disputa

193 987 299 1061 tinais,
326 986 480 1049 invenisse
497 984 639 1048 arbitror.
684 985 772 1048 Nam
797 985 967 1048 etsaeculis
994 985 1102 1059 multis
1121 993 1202 1054 anti

193 1087 361 1171 gymnasia
385 1085 514 1149 inventa
539 1095 623 1160 sunt,
638 1088 734 1168 quam
757 1086 789 1148 in
812 1085 860 1150 his
872 1087 1051 1169 philosophi
1063 1072 1202 1170 *garrire

194 1199 373 1271 caeperunt,
399 1197 432 1252 et
458 1187 602 1270 houipso
626 1197 783 1271 tempore,
808 1189 881 1252 cum
898 1189 1007 1251 ‹rmnia
1022 1193 1202 1271 gymnasia

195 1290 375 1376 philosophi
402 1300 543 1366 teneant,
568 1301 678 1354 tamen
701 1309 811 1354 eorum
826 1289 1126 1354 auditorcsdiscum
1143 1313 1202 1356 au·

195 1396 273 1470 dire,
288 1397 383 1475 quam
399 1392 633 1476 philosophum,
649 1391 790 1454 malunt:
814 1390 969 1472 quisimul
979 1403 1013 1454 ut
1025 1392 1202 1476 increpuit,

165 1502 170 1510 “
195 1499 227 1563 in
241 1497 346 1562 media
361 1495 560 1560 oratiouede
587 1493 731 1556 maximis
756 1493 849 1557 rebus
864 1505 897 1556 et
917 1493 1110 1576 gravissimis
1135 1497 1202 1560 dis-

196 1609 363 1682 putantem
393 1596 617 1680 philosophum
649 1615 760 1659 omnes
790 1596 948 1658 unctionis
977 1595 1074 1658 carrad
1103 1597 1202 1661 rolin-

197 1711 313 1782 quunt:
337 1696 840 1762 italevissimamdelcctationam
863 1697 1068 1780 gravissima,
1084 1709 1119 1760 ot
1136 1699 1199 1781 ipsi

196 1801 311 1876 let-unt,
337 1800 461 1863 utilitati
484 1809 694 1881 anteponunt.
739 1797 849 1862 Otium
878 1810 985 1862 autem
1010 1800 1094 1880 quod
1113 1801 1199 1866 dicis

123 1964 130 1976 ,
199 1925 282 1979 esse,
311 1901 486 1966 assentior:
512 1903 617 1964 verum
641 1902 697 1964 otii
721 1901 840 1965 fructus
860 1913 919 1978 ost,
940 1923 1004 1966 non
1028 1905 1198 1968 contentio

189 2006 309 2081 animi,
324 2005 379 2068 sed
392 2003 555 2067 relaxatio.

241 2107 296 2171 VI.
321 2107 598 2189 Stcpeexsocero
625 2124 698 2168 meo
725 2105 840 2180 audivi,
863 2105 1126 2180 cumisdicerot‚
1146 2127 1195 2172 so

139 2283 141 2288 ¹
198 2229 307 2274 cerum
322 2229 413 2272 suum
430 2207 562 2270 Laelium
577 2227 705 2290 semper
720 2206 784 2310 ferd¹
801 2227 873 2270 curn
898 2207 1058 2290 Scipione
1065 2206 1202 2271 solitum

62 2299 64 2314 '
146 2299 157 2328 ἰ
180 2306 354 2386 rusticari,
378 2328 497 2391 eosque
513 2309 737 2374 incredibiliter
754 2285 978 2390 rdpttcrascere
991 2329 1059 2372 esse
1075 2309 1192 2385 solitos

199 2419 272 2478 curn
290 2435 342 2474 rus
358 2433 395 2475 cx
409 2413 485 2473 urbe
488 2410 844 2522 ,tauquamevinculia
854 2407 1072 2476 evolavisseat.
1115 2412 1189 2476 Non

200 2514 424 2582 audeodtccre
440 2511 707 2586 dormitantis,
734 2513 790 2574 sed
817 2523 925 2576 tameo
948 2513 992 2576 ita
1018 2513 1095 2576 solet
1123 2536 1189 2578 nar·

199 2637 269 2680 rure
286 2613 451 2687 Scaevola,
446 2613 600 2704 concitas
626 2633 681 2675 eos
694 2624 725 2676 ct
753 2615 919 2678 umbilicos
941 2615 981 2677 ad
997 2615 1142 2678 Caietam
1157 2627 1187 2679 ot

200 2701 396 2784 Laurentum
411 2715 515 2798 lugere
527 2697 707 2790 consulumue,
722 2727 754 2778 et
771 2716 811 2778 ad
828 2737 957 2788 omnem
974 2717 1070 2779 animi
1086 2719 1186 2780 remis-

199 2823 322 2887 sionem
343 2819 517 2899 ludumque
541 2817 747 2882 descendere
793 2819 849 2882 Sic
863 2819 947 2882 enim
964 2839 998 2882 se
1016 2839 1064 2882 res
1076 2819 1186 2883 habet:

202 2924 269 3007 [ut]
286 2919 560 3004 quemadmodum
574 2919 718 2984 volucres
744 2921 898 2996 videmus,
910 2920 1132 3004 procreationis
1144 2933 1185 2985 at-

200 3047 263 3108 quc
278 3023 419 3087 utilitatis
434 3043 500 3086 sues
512 3022 619 3098 causa,
631 3023 752 3106 lingere
764 3034 797 3088 et
810 3033 995 3086 construere
1013 3023 1109 3100 nidos,
1123 3045 1184 3088 eas-

124 3115 127 3121 ’
200 3129 412 3200 dementem,
427 3127 500 3188 cum
528 3125 644 3218 aliquid
665 3125 839 3200 effecerint,
864 3123 991 3188 levandi
1016 3124 1182 3190 laborissui

120 3280 124 3294 .
202 3229 309 3304 causa,
324 3227 443 3311 passim
459 3247 498 3289 ac
516 3226 612 3290 libers
635 3227 755 3290 solutas
775 3245 872 3309 opera
884 3225 1032 3302 volitare3
1052 3228 1095 3291 sic
1118 3249 1182 3292 nus-

201 3333 240 3398 tri
256 3329 354 3395 animi
366 3329 541 3393 forensibus
554 3327 700 3412 negotiis,
712 3337 809 3408 atque
824 3327 948 3393 urbano
960 3351 1057 3413 opere
1068 3330 1182 3405 defessi,

109 3435 140 3471 ¹*
202 3437 341 3524 gestiunt
352 3455 391 3498 ac
400 3433 531 3498 volitare
541 3433 682 3516 cupiunt,
692 3431 784 3494 vacui
794 3425 1100 3512 curd'atquelabors'.
1126 3433 1181 3498 lta·

202 3561 263 3623 que
274 3537 362 3614 illud,
373 3537 459 3620 quod
486 3557 549 3619 ego
561 3537 593 3598 in
608 3534 706 3599 causa
717 3532 858 3597 Curiana
868 3534 1024 3598 Scoevolre
1038 3533 1105 3611 utri,
1122 3555 1178 3599 uon

202 3641 264 3708 diri
275 3661 377 3717 secus,
388 3637 626 3703 assentiebant.
661 3635 947 3720 Namsi‚inquam‚
962 3636 1178 3702 Scoeml'aenul·
