2400 3980
57 357 63 366 «
142 324 219 388 tem,
245 312 277 375 in
291 312 338 374 dis

139 51 182 107 20
389 19 607 108 ιιιιόιιιιοιιι
631 61 729 106 crasa
753 59 911 114 rrx.rrrus

134 209 308 302 losephia'
301 229 333 274 ιιι
348 218 411 272 trs
450 219 533 298 artes
557 218 606 273 ert
620 207 779 284 tributm'
771 227 803 272 ιιι
819 118 942 322 naturae
961 165 1142 268 olrscurita-

340 229 492 374 (idjdi
477 302 741 416 ‘subtilitatem'
734 331 765 392 ιιι
781 329 810 372 vr
810 312 932 427 bam
875 301 992 412 ‘aitque
1013 327 1145 380 mores,

142 414 208 478 duo
223 413 275 478 illa
301 393 527 497 relinquamus,
554 403 651 496 atque
652 373 863 495 ldigiamui
853 404 982 474 riiert'iae
1000 418 1143 472 nostrae:

144 515 271 579 tertium
287 516 372 591 vero,
394 515 481 600 quod
496 535 621 596 semper
636 514 774 578 oratoris
781 512 893 588 fuit,
864 512 923 575 nrsi
948 483 1145 584 tenebimus,

146 615 221 678 nihil
237 617 364 692 oratori,
389 616 422 678 in
448 637 512 700 quo
540 637 675 700 magnus
691 637 760 679 esse
776 615 885 698 possit,
910 613 1143 697 relinquemus,
1183 615 1184 624 ’

145 715 255 792 Quare
271 718 323 780 hic
338 717 428 782 locam
442 701 484 782 de
498 717 560 782 vitri
576 730 609 780 et
624 718 763 781 moribus
779 727 864 780 totus
876 725 925 780 est
937 715 1054 778 oratori
1070 735 1145 797 per-

145 819 336 900 discendus:
359 829 477 886 caetera
502 821 528 882 si
554 839 618 882 non
645 819 800 894 didicerit,
825 815 933 881 tamen
961 817 1089 900 poterit,
1117 818 1145 878 si

147 921 279 1004 quando
294 942 373 1004 opus
383 921 452 997 erit,
466 941 579 986 ornare
594 919 777 998 dicendast
793 919 890 983 modo
905 930 998 983 erunt
1013 920 1055 982 ad
1065 941 1144 982 eum
1183 993 1184 996 Ἴ

149 1023 259 1087 delata
274 1033 306 1086 et
322 1023 447 1088 tradita.
1183 1011 1184 1040 ³

190 1123 281 1188 XVI.
304 1125 432 1188 Etenim
447 1125 473 1188 si
495 1136 624 1206 constat
640 1126 720 1190 inter
734 1126 861 1200 doctos,
874 1124 1148 1209 hominemigna-

149 1248 218 1292 rum
235 1227 426 1311 astrologiae,
441 1227 585 1302 Aratum,
600 1227 806 1292 ornatissimis
821 1239 918 1308 atque
933 1227 1061 1309 optimis
1077 1247 1148 1288 ver·

145 1331 235 1394 sibus
249 1331 291 1393 de
302 1329 385 1393 coelo
398 1329 557 1412 stellisque
567 1330 700 1394 dixisse:
717 1330 743 1394 si
755 1330 796 1396 de
808 1329 901 1392 rebus
911 1329 1033 1392 rusticis
1043 1328 1147 1392 horni-

141 1453 225 1498 -nem
242 1433 283 1496 ab
300 1453 388 1516 agrox
403 1433 659 1508 remotissimum,
678 1432 877 1496 Nicandrum
895 1431 1148 1514 Colophonium,

151 1535 277 1618 po‘eticai
292 1534 431 1615 quddam
456 1522 621 1610 facultate,
647 1556 711 1598 non
728 1535 854 1611 rustica,
875 1533 1037 1618 scripsisse
1064 1555 1147 1617 prae·
1183 1619 1184 1622 Ἴ

150 1637 257 1701 clare:
281 1637 356 1718 quid
371 1654 429 1710 esr,
455 1657 511 1700 cur
526 1657 591 1700 non
607 1648 713 1700 orator
738 1637 779 1700 de
795 1637 887 1701 rebus
904 1638 938 1700 iis
954 1637 1148 1718 eloquentis·
1183 1703 1184 1706 ,

152 1740 232 1802 sime
245 1738 345 1813 dicat,
358 1759 438 1820 quas
454 1739 495 1800 ad
511 1751 633 1802 certam
660 1761 791 1804 causam
808 1750 997 1823 tempusque
1024 1740 1146 1822 cogno-

134 1841 213 1904 urixt
238 1839 296 1902 Est
310 1840 393 1902 enim
410 1841 560 1904 finitimus
586 1842 704 1904 oratori
732 1845 837 1924 poeta,
861 1843 997 1906 numeris
1014 1842 1147 1906 adstric-

153 1944 214 2007 tior
229 1942 335 2027 paulo,
351 1943 517 2006 verborum
533 1954 640 2009 autem
656 1943 783 2008 licentia
797 1943 932 2020 liberior,
948 1944 1054 2008 multis
1070 1948 1145 2009 vero
1183 2023 1184 2030 ἵ

89 2089 91 2092 -
153 2046 289 2110 ornandi
314 2045 482 2128 generibus
507 2047 622 2121 socius,
646 2067 686 2108 ao
710 2067 802 2130 paene
828 2064 906 2130 par:
936 2048 967 2110 in
992 2047 1055 2112 hoc
1080 2050 1146 2130 qui·

152 2148 228 2212 dem
255 2149 341 2211 certe
368 2149 465 2230 prope
490 2147 585 2224 idem,
611 2148 702 2210 nullis
726 2159 762 2229 ut
785 2149 925 2213 terminis
950 2150 1147 2214 circumscri-
1175 2153 1184 2232 j

154 2251 211 2316 bat
226 2261 281 2314 aut
294 2249 427 2314 definiat
438 2251 489 2332 jus
500 2271 602 2326 suum,
617 2252 684 2333 quo.
698 2251 799 2314 minus
815 2251 951 2314 eilioeat
967 2251 1082 2315 eadem
1096 2252 1147 2316 itta

154 2353 310 2418 facultate
319 2364 351 2414 et
361 2352 454 2434 copial
463 2353 582 2435 vagari,
594 2352 657 2433 quai
668 2353 750 2416 velit.
785 2353 936 2434 Namque
949 2353 1023 2417 illud
1036 2377 1147 2437 quare,

144 2453 314 2529 -Scaevola,
340 2453 462 2538 negasti
478 2465 509 2518 te
535 2454 629 2518 fuisse
654 2454 804 2530 laturum,
829 2455 889 2518 nisi
903 2457 935 2520 in
950 2477 1023 2520 meo
1045 2479 1148 2542 regno
1183 2479 1184 2528 ζ

155 2577 251 2632 esses,
266 2557 352 2637 qudd
369 2557 400 2619 in
416 2556 502 2622 omni
518 2577 635 2640 genere
650 2557 814 2634 sermonis,
835 2558 866 2620 in
883 2559 971 2622 omni
986 2571 1078 2642 parte
1094 2561 1149 2624 hu·
1183 2623 1184 2640 ,

158 2659 318 2724 manitatis
347 2659 479 2734 dixerim
508 2669 667 2722 oratorem
697 2659 873 2742 perfectum
904 2682 974 2724 esse
1004 2662 1147 2742 deberet

157 2761 343 2846 Nunquam,
358 2759 551 2836 mehercule,
566 2761 628 2824 hoc
640 2762 792 2838 dicerem,
806 2762 831 2824 si
843 2783 928 2838 eum,
939 2785 1035 2845 quem
1048 2765 1149 2849 fingo,
1183 2799 1184 2804 ι

85 2855 91 2870 “
157 2866 311 2948 meipsum
329 2887 398 2930 esse
422 2865 600 2930 arbitrarer.
645 2865 723 2939 Sed,
746 2875 781 2928 ut
795 2864 985 2929 solebat&
1007 2867 1150 2932 Lucilius

156 2970 241 3050 saepe
257 2967 375 3043 dicere,
391 2967 487 3031 homo
502 2967 558 3034 tibi
574 2967 743 3042 subiratus,
768 2967 843 3030 milri
870 2952 999 3050 propter
1014 2991 1088 3034 eam
1106 2971 1150 3054 ip-

157 3090 226 3142 sam
237 3091 369 3134 eausam
386 3069 499 3144 minias,
513 3071 618 3150 quamv
630 3069 769 3144 volebat,
783 3069 955 3146 familiaris,
965 3072 1020 3136 sed
1038 3083 1148 3139 tamen

157 3183 190 3236 et
215 3163 330 3236 doctus
348 3184 381 3236 et
406 3171 621 3254 perurbanus:
644 3172 689 3235 sic
714 3172 828 3250 sentio,
852 3173 1102 3242 nerninemesse
1118 3178 1149 3240 in

156 3285 318 3352 oratorum
334 3293 467 3338 numero
477 3273 672 3350 habendum,
683 3275 737 3357 qui
749 3297 814 3339 non
829 3277 869 3340 sit
880 3277 1029 3342 omnibus
1053 3279 1091 3344 iis
1104 3302 1149 3344 ar·

158 3378 252 3452 tibus,
263 3397 334 3460 quae.
349 3386 424 3440 suut
437 3376 536 3440 libero
551 3377 668 3462 digne,
680 3379 873 3462 perpolitus:
893 3380 1111 3466 quibusipsis,
1125 3385 1148 3448 si

157 3480 190 3544 in
214 3479 351 3544 dicendo
374 3499 440 3544 non
462 3477 589 3556 utimur,
614 3489 724 3546 tamen
750 3467 885 3566 apparat
910 3475 1149 3568 atque'exstat,
